%YAML 1.1
%TAG !u! tag:unity3d.com,2011:
--- !u!1 &491957713191614435
GameObject:
  m_ObjectHideFlags: 0
  m_CorrespondingSourceObject: {fileID: 0}
  m_PrefabInstance: {fileID: 0}
  m_PrefabAsset: {fileID: 0}
  serializedVersion: 6
  m_Component:
  - component: {fileID: 1454858791659986356}
  m_Layer: 0
  m_Name: bb_male_LeftHandPinky1
  m_TagString: Untagged
  m_Icon: {fileID: 0}
  m_NavMeshLayer: 0
  m_StaticEditorFlags: 0
  m_IsActive: 1
--- !u!4 &1454858791659986356
Transform:
  m_ObjectHideFlags: 0
  m_CorrespondingSourceObject: {fileID: 0}
  m_PrefabInstance: {fileID: 0}
  m_PrefabAsset: {fileID: 0}
  m_GameObject: {fileID: 491957713191614435}
  m_LocalRotation: {x: 0.9448199, y: 0.1737927, z: 0.1447073, w: -0.23700468}
  m_LocalPosition: {x: 0.093474746, y: 0.039480466, z: 0.032403756}
  m_LocalScale: {x: 1, y: 1, z: 1}
  m_Children:
  - {fileID: 870818827382746071}
  m_Father: {fileID: 6988336113976830502}
  m_RootOrder: 2
  m_LocalEulerAnglesHint: {x: 0, y: 0, z: 0}
--- !u!1 &578268697004400197
GameObject:
  m_ObjectHideFlags: 0
  m_CorrespondingSourceObject: {fileID: 0}
  m_PrefabInstance: {fileID: 0}
  m_PrefabAsset: {fileID: 0}
  serializedVersion: 6
  m_Component:
  - component: {fileID: 8060623025372682211}
  - component: {fileID: 356867022550102151}
  - component: {fileID: 635991478658474839}
  m_Layer: 0
  m_Name: pPipe1
  m_TagString: Untagged
  m_Icon: {fileID: 0}
  m_NavMeshLayer: 0
  m_StaticEditorFlags: 0
  m_IsActive: 1
--- !u!4 &8060623025372682211
Transform:
  m_ObjectHideFlags: 0
  m_CorrespondingSourceObject: {fileID: 0}
  m_PrefabInstance: {fileID: 0}
  m_PrefabAsset: {fileID: 0}
  m_GameObject: {fileID: 578268697004400197}
  m_LocalRotation: {x: 0.6640419, y: -0.24419451, z: -0.6636087, w: -0.2429835}
  m_LocalPosition: {x: -0.06461017, y: 0.069755554, z: -0.000063738386}
  m_LocalScale: {x: 1.0716468, y: 1.0716468, z: 1.0716468}
  m_Children: []
  m_Father: {fileID: 856893861351597985}
  m_RootOrder: 3
  m_LocalEulerAnglesHint: {x: 0, y: 0, z: 0}
--- !u!33 &356867022550102151
MeshFilter:
  m_ObjectHideFlags: 0
  m_CorrespondingSourceObject: {fileID: 0}
  m_PrefabInstance: {fileID: 0}
  m_PrefabAsset: {fileID: 0}
  m_GameObject: {fileID: 578268697004400197}
  m_Mesh: {fileID: 4300010, guid: a1a9f652b9fd90a4989aaf7930043956, type: 3}
--- !u!23 &635991478658474839
MeshRenderer:
  m_ObjectHideFlags: 0
  m_CorrespondingSourceObject: {fileID: 0}
  m_PrefabInstance: {fileID: 0}
  m_PrefabAsset: {fileID: 0}
  m_GameObject: {fileID: 578268697004400197}
  m_Enabled: 1
  m_CastShadows: 1
  m_ReceiveShadows: 1
  m_DynamicOccludee: 1
  m_MotionVectors: 1
  m_LightProbeUsage: 1
  m_ReflectionProbeUsage: 1
  m_RenderingLayerMask: 1
  m_RendererPriority: 0
  m_Materials:
  - {fileID: 2100004, guid: a1a9f652b9fd90a4989aaf7930043956, type: 3}
  m_StaticBatchInfo:
    firstSubMesh: 0
    subMeshCount: 0
  m_StaticBatchRoot: {fileID: 0}
  m_ProbeAnchor: {fileID: 0}
  m_LightProbeVolumeOverride: {fileID: 0}
  m_ScaleInLightmap: 1
  m_PreserveUVs: 0
  m_IgnoreNormalsForChartDetection: 0
  m_ImportantGI: 0
  m_StitchLightmapSeams: 0
  m_SelectedEditorRenderState: 3
  m_MinimumChartSize: 4
  m_AutoUVMaxDistance: 0.5
  m_AutoUVMaxAngle: 89
  m_LightmapParameters: {fileID: 0}
  m_SortingLayerID: 0
  m_SortingLayer: 0
  m_SortingOrder: 0
--- !u!1 &747894119666296756
GameObject:
  m_ObjectHideFlags: 0
  m_CorrespondingSourceObject: {fileID: 0}
  m_PrefabInstance: {fileID: 0}
  m_PrefabAsset: {fileID: 0}
  serializedVersion: 6
  m_Component:
  - component: {fileID: 2159845158022963633}
  - component: {fileID: 6287168360235430539}
  m_Layer: 0
  m_Name: Boots
  m_TagString: Untagged
  m_Icon: {fileID: 0}
  m_NavMeshLayer: 0
  m_StaticEditorFlags: 0
  m_IsActive: 1
--- !u!4 &2159845158022963633
Transform:
  m_ObjectHideFlags: 0
  m_CorrespondingSourceObject: {fileID: 0}
  m_PrefabInstance: {fileID: 0}
  m_PrefabAsset: {fileID: 0}
  m_GameObject: {fileID: 747894119666296756}
  m_LocalRotation: {x: 0, y: -0, z: -0, w: 1}
  m_LocalPosition: {x: -0, y: 0, z: 0}
  m_LocalScale: {x: 1, y: 1, z: 1}
  m_Children: []
  m_Father: {fileID: 294956577622444249}
  m_RootOrder: 2
  m_LocalEulerAnglesHint: {x: 0, y: 0, z: 0}
--- !u!137 &6287168360235430539
SkinnedMeshRenderer:
  m_ObjectHideFlags: 0
  m_CorrespondingSourceObject: {fileID: 0}
  m_PrefabInstance: {fileID: 0}
  m_PrefabAsset: {fileID: 0}
  m_GameObject: {fileID: 747894119666296756}
  m_Enabled: 1
  m_CastShadows: 1
  m_ReceiveShadows: 1
  m_DynamicOccludee: 1
  m_MotionVectors: 1
  m_LightProbeUsage: 1
  m_ReflectionProbeUsage: 1
  m_RenderingLayerMask: 1
  m_RendererPriority: 0
  m_Materials:
  - {fileID: 2100010, guid: a1a9f652b9fd90a4989aaf7930043956, type: 3}
  m_StaticBatchInfo:
    firstSubMesh: 0
    subMeshCount: 0
  m_StaticBatchRoot: {fileID: 0}
  m_ProbeAnchor: {fileID: 0}
  m_LightProbeVolumeOverride: {fileID: 0}
  m_ScaleInLightmap: 1
  m_PreserveUVs: 0
  m_IgnoreNormalsForChartDetection: 0
  m_ImportantGI: 0
  m_StitchLightmapSeams: 0
  m_SelectedEditorRenderState: 3
  m_MinimumChartSize: 4
  m_AutoUVMaxDistance: 0.5
  m_AutoUVMaxAngle: 89
  m_LightmapParameters: {fileID: 0}
  m_SortingLayerID: 0
  m_SortingLayer: 0
  m_SortingOrder: 0
  serializedVersion: 2
  m_Quality: 0
  m_UpdateWhenOffscreen: 0
  m_SkinnedMotionVectors: 1
  m_Mesh: {fileID: 4300020, guid: a1a9f652b9fd90a4989aaf7930043956, type: 3}
  m_Bones:
  - {fileID: 1499351350789511221}
  - {fileID: 8091972337545075043}
  m_BlendShapeWeights: []
  m_RootBone: {fileID: 8091972337545075043}
  m_AABB:
    m_Center: {x: 0.06290792, y: 0.046903264, z: 0.22114025}
    m_Extent: {x: 0.19368131, y: 0.12341721, z: 0.28725624}
  m_DirtyAABB: 0
--- !u!1 &1209987515188206550
GameObject:
  m_ObjectHideFlags: 0
  m_CorrespondingSourceObject: {fileID: 0}
  m_PrefabInstance: {fileID: 0}
  m_PrefabAsset: {fileID: 0}
  serializedVersion: 6
  m_Component:
  - component: {fileID: 8496420791770383857}
  m_Layer: 0
  m_Name: bb_male_RightHandRing1
  m_TagString: Untagged
  m_Icon: {fileID: 0}
  m_NavMeshLayer: 0
  m_StaticEditorFlags: 0
  m_IsActive: 1
--- !u!4 &8496420791770383857
Transform:
  m_ObjectHideFlags: 0
  m_CorrespondingSourceObject: {fileID: 0}
  m_PrefabInstance: {fileID: 0}
  m_PrefabAsset: {fileID: 0}
  m_GameObject: {fileID: 1209987515188206550}
  m_LocalRotation: {x: 0.95641404, y: 0.03474363, z: 0.10118546, w: 0.27171052}
  m_LocalPosition: {x: -0.10242821, y: -0.026312582, z: -0.010230338}
  m_LocalScale: {x: 1, y: 1, z: 1}
  m_Children:
  - {fileID: 3027662487137020481}
  m_Father: {fileID: 782109838911212023}
  m_RootOrder: 3
  m_LocalEulerAnglesHint: {x: 0, y: 0, z: 0}
--- !u!1 &1506408804177583650
GameObject:
  m_ObjectHideFlags: 0
  m_CorrespondingSourceObject: {fileID: 0}
  m_PrefabInstance: {fileID: 0}
  m_PrefabAsset: {fileID: 0}
  serializedVersion: 6
  m_Component:
  - component: {fileID: 8728672709673286741}
  m_Layer: 0
  m_Name: bb_male_RightForeArm
  m_TagString: Untagged
  m_Icon: {fileID: 0}
  m_NavMeshLayer: 0
  m_StaticEditorFlags: 0
  m_IsActive: 1
--- !u!4 &8728672709673286741
Transform:
  m_ObjectHideFlags: 0
  m_CorrespondingSourceObject: {fileID: 0}
  m_PrefabInstance: {fileID: 0}
  m_PrefabAsset: {fileID: 0}
  m_GameObject: {fileID: 1506408804177583650}
  m_LocalRotation: {x: 0.73265547, y: 0.031083144, z: -0.22101825, w: 0.64296246}
  m_LocalPosition: {x: -0.34101933, y: 0.024508651, z: 0.0015915121}
  m_LocalScale: {x: 1, y: 1, z: 1}
  m_Children:
  - {fileID: 3746761038807053102}
  m_Father: {fileID: 3897449902681541921}
  m_RootOrder: 0
  m_LocalEulerAnglesHint: {x: 0, y: 0, z: 0}
--- !u!1 &1640405787475648299
GameObject:
  m_ObjectHideFlags: 0
  m_CorrespondingSourceObject: {fileID: 0}
  m_PrefabInstance: {fileID: 0}
  m_PrefabAsset: {fileID: 0}
  serializedVersion: 6
  m_Component:
  - component: {fileID: 3746761038807053102}
  m_Layer: 0
  m_Name: bb_male_RightForeArmRoll
  m_TagString: Untagged
  m_Icon: {fileID: 0}
  m_NavMeshLayer: 0
  m_StaticEditorFlags: 0
  m_IsActive: 1
--- !u!4 &3746761038807053102
Transform:
  m_ObjectHideFlags: 0
  m_CorrespondingSourceObject: {fileID: 0}
  m_PrefabInstance: {fileID: 0}
  m_PrefabAsset: {fileID: 0}
  m_GameObject: {fileID: 1640405787475648299}
  m_LocalRotation: {x: 0.9775562, y: -0, z: 0, w: -0.21067488}
  m_LocalPosition: {x: -0.14259383, y: -0.0024301775, z: -0.0042829383}
  m_LocalScale: {x: 1, y: 1, z: 1}
  m_Children:
  - {fileID: 782109838911212023}
  m_Father: {fileID: 8728672709673286741}
  m_RootOrder: 0
  m_LocalEulerAnglesHint: {x: 0, y: 0, z: 0}
--- !u!1 &1940771384518004800
GameObject:
  m_ObjectHideFlags: 0
  m_CorrespondingSourceObject: {fileID: 0}
  m_PrefabInstance: {fileID: 0}
  m_PrefabAsset: {fileID: 0}
  serializedVersion: 6
  m_Component:
  - component: {fileID: 4060892071490512769}
  - component: {fileID: 3630967371020594634}
  - component: {fileID: 8463377715676372081}
  m_Layer: 0
  m_Name: pSphere2
  m_TagString: Untagged
  m_Icon: {fileID: 0}
  m_NavMeshLayer: 0
  m_StaticEditorFlags: 0
  m_IsActive: 1
--- !u!4 &4060892071490512769
Transform:
  m_ObjectHideFlags: 0
  m_CorrespondingSourceObject: {fileID: 0}
  m_PrefabInstance: {fileID: 0}
  m_PrefabAsset: {fileID: 0}
  m_GameObject: {fileID: 1940771384518004800}
  m_LocalRotation: {x: 0.00009779293, y: -0.7072319, z: 0.00009775833, w: 0.70698166}
  m_LocalPosition: {x: 3.2954403e-11, y: -0.0000000615279, z: -0.0000000010437936}
  m_LocalScale: {x: 0.94248235, y: 0.94248235, z: 0.94248235}
  m_Children: []
  m_Father: {fileID: 1828226534547138813}
  m_RootOrder: 1
  m_LocalEulerAnglesHint: {x: 0, y: 0, z: 0}
--- !u!33 &3630967371020594634
MeshFilter:
  m_ObjectHideFlags: 0
  m_CorrespondingSourceObject: {fileID: 0}
  m_PrefabInstance: {fileID: 0}
  m_PrefabAsset: {fileID: 0}
  m_GameObject: {fileID: 1940771384518004800}
  m_Mesh: {fileID: 4300006, guid: a1a9f652b9fd90a4989aaf7930043956, type: 3}
--- !u!23 &8463377715676372081
MeshRenderer:
  m_ObjectHideFlags: 0
  m_CorrespondingSourceObject: {fileID: 0}
  m_PrefabInstance: {fileID: 0}
  m_PrefabAsset: {fileID: 0}
  m_GameObject: {fileID: 1940771384518004800}
  m_Enabled: 1
  m_CastShadows: 1
  m_ReceiveShadows: 1
  m_DynamicOccludee: 1
  m_MotionVectors: 1
  m_LightProbeUsage: 1
  m_ReflectionProbeUsage: 1
  m_RenderingLayerMask: 1
  m_RendererPriority: 0
  m_Materials:
  - {fileID: 2100002, guid: a1a9f652b9fd90a4989aaf7930043956, type: 3}
  m_StaticBatchInfo:
    firstSubMesh: 0
    subMeshCount: 0
  m_StaticBatchRoot: {fileID: 0}
  m_ProbeAnchor: {fileID: 0}
  m_LightProbeVolumeOverride: {fileID: 0}
  m_ScaleInLightmap: 1
  m_PreserveUVs: 0
  m_IgnoreNormalsForChartDetection: 0
  m_ImportantGI: 0
  m_StitchLightmapSeams: 0
  m_SelectedEditorRenderState: 3
  m_MinimumChartSize: 4
  m_AutoUVMaxDistance: 0.5
  m_AutoUVMaxAngle: 89
  m_LightmapParameters: {fileID: 0}
  m_SortingLayerID: 0
  m_SortingLayer: 0
  m_SortingOrder: 0
--- !u!1 &1947016883729785385
GameObject:
  m_ObjectHideFlags: 0
  m_CorrespondingSourceObject: {fileID: 0}
  m_PrefabInstance: {fileID: 0}
  m_PrefabAsset: {fileID: 0}
  serializedVersion: 6
  m_Component:
  - component: {fileID: 544945114690508095}
  - component: {fileID: 9011038966047274512}
  - component: {fileID: 8295962220630835545}
  m_Layer: 0
  m_Name: pSphere1
  m_TagString: Untagged
  m_Icon: {fileID: 0}
  m_NavMeshLayer: 0
  m_StaticEditorFlags: 0
  m_IsActive: 1
--- !u!4 &544945114690508095
Transform:
  m_ObjectHideFlags: 0
  m_CorrespondingSourceObject: {fileID: 0}
  m_PrefabInstance: {fileID: 0}
  m_PrefabAsset: {fileID: 0}
  m_GameObject: {fileID: 1947016883729785385}
  m_LocalRotation: {x: -0.29677105, y: -0.6417261, z: -0.296666, w: 0.6419532}
  m_LocalPosition: {x: -0.00000068323214, y: -0.0000000020023743, z: -0.0018253122}
  m_LocalScale: {x: 0.94248235, y: 0.94248235, z: 0.94248235}
  m_Children: []
  m_Father: {fileID: 8006797674615844566}
  m_RootOrder: 1
  m_LocalEulerAnglesHint: {x: 0, y: 0, z: 0}
--- !u!33 &9011038966047274512
MeshFilter:
  m_ObjectHideFlags: 0
  m_CorrespondingSourceObject: {fileID: 0}
  m_PrefabInstance: {fileID: 0}
  m_PrefabAsset: {fileID: 0}
  m_GameObject: {fileID: 1947016883729785385}
  m_Mesh: {fileID: 4300002, guid: a1a9f652b9fd90a4989aaf7930043956, type: 3}
--- !u!23 &8295962220630835545
MeshRenderer:
  m_ObjectHideFlags: 0
  m_CorrespondingSourceObject: {fileID: 0}
  m_PrefabInstance: {fileID: 0}
  m_PrefabAsset: {fileID: 0}
  m_GameObject: {fileID: 1947016883729785385}
  m_Enabled: 1
  m_CastShadows: 1
  m_ReceiveShadows: 1
  m_DynamicOccludee: 1
  m_MotionVectors: 1
  m_LightProbeUsage: 1
  m_ReflectionProbeUsage: 1
  m_RenderingLayerMask: 1
  m_RendererPriority: 0
  m_Materials:
  - {fileID: 2100002, guid: a1a9f652b9fd90a4989aaf7930043956, type: 3}
  m_StaticBatchInfo:
    firstSubMesh: 0
    subMeshCount: 0
  m_StaticBatchRoot: {fileID: 0}
  m_ProbeAnchor: {fileID: 0}
  m_LightProbeVolumeOverride: {fileID: 0}
  m_ScaleInLightmap: 1
  m_PreserveUVs: 0
  m_IgnoreNormalsForChartDetection: 0
  m_ImportantGI: 0
  m_StitchLightmapSeams: 0
  m_SelectedEditorRenderState: 3
  m_MinimumChartSize: 4
  m_AutoUVMaxDistance: 0.5
  m_AutoUVMaxAngle: 89
  m_LightmapParameters: {fileID: 0}
  m_SortingLayerID: 0
  m_SortingLayer: 0
  m_SortingOrder: 0
--- !u!1 &2033211970058228770
GameObject:
  m_ObjectHideFlags: 0
  m_CorrespondingSourceObject: {fileID: 0}
  m_PrefabInstance: {fileID: 0}
  m_PrefabAsset: {fileID: 0}
  serializedVersion: 6
  m_Component:
  - component: {fileID: 8099617784552098723}
  - component: {fileID: 533139195559626252}
  m_Layer: 0
  m_Name: Male
  m_TagString: Untagged
  m_Icon: {fileID: 0}
  m_NavMeshLayer: 0
  m_StaticEditorFlags: 0
  m_IsActive: 1
--- !u!4 &8099617784552098723
Transform:
  m_ObjectHideFlags: 0
  m_CorrespondingSourceObject: {fileID: 0}
  m_PrefabInstance: {fileID: 0}
  m_PrefabAsset: {fileID: 0}
  m_GameObject: {fileID: 2033211970058228770}
  m_LocalRotation: {x: 0, y: 0, z: 0, w: 1}
  m_LocalPosition: {x: 0, y: 0, z: 0}
  m_LocalScale: {x: 1, y: 1, z: 1}
  m_Children:
  - {fileID: 294956577622444249}
  - {fileID: 1778881553699627357}
  m_Father: {fileID: 0}
  m_RootOrder: 0
  m_LocalEulerAnglesHint: {x: 0, y: 0, z: 0}
--- !u!95 &533139195559626252
Animator:
  serializedVersion: 3
  m_ObjectHideFlags: 0
  m_CorrespondingSourceObject: {fileID: 0}
  m_PrefabInstance: {fileID: 0}
  m_PrefabAsset: {fileID: 0}
  m_GameObject: {fileID: 2033211970058228770}
  m_Enabled: 1
  m_Avatar: {fileID: 9000000, guid: a1a9f652b9fd90a4989aaf7930043956, type: 3}
  m_Controller: {fileID: 0}
  m_CullingMode: 1
  m_UpdateMode: 0
  m_ApplyRootMotion: 0
  m_LinearVelocityBlending: 0
  m_WarningMessage: 
  m_HasTransformHierarchy: 1
  m_AllowConstantClipSamplingOptimization: 1
  m_KeepAnimatorControllerStateOnDisable: 0
--- !u!1 &2200242472229436635
GameObject:
  m_ObjectHideFlags: 0
  m_CorrespondingSourceObject: {fileID: 0}
  m_PrefabInstance: {fileID: 0}
  m_PrefabAsset: {fileID: 0}
  serializedVersion: 6
  m_Component:
  - component: {fileID: 4378665111402686300}
  m_Layer: 0
  m_Name: bb_male_LeftHandIndex1
  m_TagString: Untagged
  m_Icon: {fileID: 0}
  m_NavMeshLayer: 0
  m_StaticEditorFlags: 0
  m_IsActive: 1
--- !u!4 &4378665111402686300
Transform:
  m_ObjectHideFlags: 0
  m_CorrespondingSourceObject: {fileID: 0}
  m_PrefabInstance: {fileID: 0}
  m_PrefabAsset: {fileID: 0}
  m_GameObject: {fileID: 2200242472229436635}
  m_LocalRotation: {x: 0.89077586, y: 0.0030948932, z: -0.10454171, w: 0.4422441}
  m_LocalPosition: {x: 0.108291626, y: -0.005040142, z: -0.02348837}
  m_LocalScale: {x: 1, y: 1, z: 1}
  m_Children:
  - {fileID: 5594602725674708006}
  m_Father: {fileID: 6988336113976830502}
  m_RootOrder: 0
  m_LocalEulerAnglesHint: {x: 0, y: 0, z: 0}
--- !u!1 &2233513318022327998
GameObject:
  m_ObjectHideFlags: 0
  m_CorrespondingSourceObject: {fileID: 0}
  m_PrefabInstance: {fileID: 0}
  m_PrefabAsset: {fileID: 0}
  serializedVersion: 6
  m_Component:
  - component: {fileID: 821125720883996802}
  m_Layer: 0
  m_Name: Jaw
  m_TagString: Untagged
  m_Icon: {fileID: 0}
  m_NavMeshLayer: 0
  m_StaticEditorFlags: 0
  m_IsActive: 1
--- !u!4 &821125720883996802
Transform:
  m_ObjectHideFlags: 0
  m_CorrespondingSourceObject: {fileID: 0}
  m_PrefabInstance: {fileID: 0}
  m_PrefabAsset: {fileID: 0}
  m_GameObject: {fileID: 2233513318022327998}
  m_LocalRotation: {x: 0.7757213, y: -0.6310749, z: 0.0005688815, w: 0.0007092476}
  m_LocalPosition: {x: -0.014393419, y: 0.029850433, z: -0.000054079683}
  m_LocalScale: {x: 1, y: 1, z: 1}
  m_Children:
  - {fileID: 3577443930563142338}
  - {fileID: 8850121770415558326}
  m_Father: {fileID: 856893861351597985}
  m_RootOrder: 2
  m_LocalEulerAnglesHint: {x: 0, y: 0, z: 0}
--- !u!1 &2265059061020953641
GameObject:
  m_ObjectHideFlags: 0
  m_CorrespondingSourceObject: {fileID: 0}
  m_PrefabInstance: {fileID: 0}
  m_PrefabAsset: {fileID: 0}
  serializedVersion: 6
  m_Component:
  - component: {fileID: 3897449902681541921}
  m_Layer: 0
  m_Name: bb_male_RightArm
  m_TagString: Untagged
  m_Icon: {fileID: 0}
  m_NavMeshLayer: 0
  m_StaticEditorFlags: 0
  m_IsActive: 1
--- !u!4 &3897449902681541921
Transform:
  m_ObjectHideFlags: 0
  m_CorrespondingSourceObject: {fileID: 0}
  m_PrefabInstance: {fileID: 0}
  m_PrefabAsset: {fileID: 0}
  m_GameObject: {fileID: 2265059061020953641}
  m_LocalRotation: {x: 0.16833214, y: 0.027812405, z: -0.4736748, w: 0.86401564}
  m_LocalPosition: {x: -0.12674369, y: 0.006250128, z: 0.008519349}
  m_LocalScale: {x: 1, y: 1, z: 1}
  m_Children:
  - {fileID: 8728672709673286741}
  m_Father: {fileID: 6960374922860509378}
  m_RootOrder: 0
  m_LocalEulerAnglesHint: {x: 0, y: 0, z: 0}
--- !u!1 &2293292923146763177
GameObject:
  m_ObjectHideFlags: 0
  m_CorrespondingSourceObject: {fileID: 0}
  m_PrefabInstance: {fileID: 0}
  m_PrefabAsset: {fileID: 0}
  serializedVersion: 6
  m_Component:
  - component: {fileID: 8206783179387532495}
  m_Layer: 0
  m_Name: bb_male_LeftToeBase
  m_TagString: Untagged
  m_Icon: {fileID: 0}
  m_NavMeshLayer: 0
  m_StaticEditorFlags: 0
  m_IsActive: 1
--- !u!4 &8206783179387532495
Transform:
  m_ObjectHideFlags: 0
  m_CorrespondingSourceObject: {fileID: 0}
  m_PrefabInstance: {fileID: 0}
  m_PrefabAsset: {fileID: 0}
  m_GameObject: {fileID: 2293292923146763177}
  m_LocalRotation: {x: 0.09108911, y: 0.025185369, z: -0.26530007, w: 0.959523}
  m_LocalPosition: {x: 0.18279491, y: -0.021548068, z: -0.0052056503}
  m_LocalScale: {x: 1, y: 1, z: 1}
  m_Children: []
  m_Father: {fileID: 8091972337545075043}
  m_RootOrder: 0
  m_LocalEulerAnglesHint: {x: 0, y: 0, z: 0}
--- !u!1 &2389408084621246061
GameObject:
  m_ObjectHideFlags: 0
  m_CorrespondingSourceObject: {fileID: 0}
  m_PrefabInstance: {fileID: 0}
  m_PrefabAsset: {fileID: 0}
  serializedVersion: 6
  m_Component:
  - component: {fileID: 4407899121954294378}
  m_Layer: 0
  m_Name: bb_male_RightLeg
  m_TagString: Untagged
  m_Icon: {fileID: 0}
  m_NavMeshLayer: 0
  m_StaticEditorFlags: 0
  m_IsActive: 1
--- !u!4 &4407899121954294378
Transform:
  m_ObjectHideFlags: 0
  m_CorrespondingSourceObject: {fileID: 0}
  m_PrefabInstance: {fileID: 0}
  m_PrefabAsset: {fileID: 0}
  m_GameObject: {fileID: 2389408084621246061}
  m_LocalRotation: {x: -0.6610108, y: -0.072570294, z: -0.06860077, w: 0.7437017}
  m_LocalPosition: {x: -0.47963744, y: -0.001910239, z: -0.008973729}
  m_LocalScale: {x: 1, y: 1, z: 1}
  m_Children:
  - {fileID: 1499351350789511221}
  m_Father: {fileID: 7702173818968158936}
  m_RootOrder: 0
  m_LocalEulerAnglesHint: {x: 0, y: 0, z: 0}
--- !u!1 &2481977328645039789
GameObject:
  m_ObjectHideFlags: 0
  m_CorrespondingSourceObject: {fileID: 0}
  m_PrefabInstance: {fileID: 0}
  m_PrefabAsset: {fileID: 0}
  serializedVersion: 6
  m_Component:
  - component: {fileID: 648155290482598130}
  m_Layer: 0
  m_Name: bb_male_RightHandMiddle1
  m_TagString: Untagged
  m_Icon: {fileID: 0}
  m_NavMeshLayer: 0
  m_StaticEditorFlags: 0
  m_IsActive: 1
--- !u!4 &648155290482598130
Transform:
  m_ObjectHideFlags: 0
  m_CorrespondingSourceObject: {fileID: 0}
  m_PrefabInstance: {fileID: 0}
  m_PrefabAsset: {fileID: 0}
  m_GameObject: {fileID: 2481977328645039789}
  m_LocalRotation: {x: 0.9071613, y: 0.02903781, z: 0.03718043, w: 0.41813025}
  m_LocalPosition: {x: -0.11061987, y: -0.010840384, z: 0.0077144424}
  m_LocalScale: {x: 1, y: 1, z: 1}
  m_Children:
  - {fileID: 8133869095974352583}
  m_Father: {fileID: 782109838911212023}
  m_RootOrder: 1
  m_LocalEulerAnglesHint: {x: 0, y: 0, z: 0}
--- !u!1 &2507959276480865066
GameObject:
  m_ObjectHideFlags: 0
  m_CorrespondingSourceObject: {fileID: 0}
  m_PrefabInstance: {fileID: 0}
  m_PrefabAsset: {fileID: 0}
  serializedVersion: 6
  m_Component:
  - component: {fileID: 8228508176036660219}
  m_Layer: 0
  m_Name: bb_male_RightHandIndex3
  m_TagString: Untagged
  m_Icon: {fileID: 0}
  m_NavMeshLayer: 0
  m_StaticEditorFlags: 0
  m_IsActive: 1
--- !u!4 &8228508176036660219
Transform:
  m_ObjectHideFlags: 0
  m_CorrespondingSourceObject: {fileID: 0}
  m_PrefabInstance: {fileID: 0}
  m_PrefabAsset: {fileID: 0}
  m_GameObject: {fileID: 2507959276480865066}
  m_LocalRotation: {x: -0.297929, y: -0.018779172, z: -0.060039155, w: 0.952513}
  m_LocalPosition: {x: -0.029731037, y: 0.001516468, z: -0.00017058107}
  m_LocalScale: {x: 1, y: 1, z: 1}
  m_Children: []
  m_Father: {fileID: 1859524499449531917}
  m_RootOrder: 0
  m_LocalEulerAnglesHint: {x: 0, y: 0, z: 0}
--- !u!1 &2672535369236881620
GameObject:
  m_ObjectHideFlags: 0
  m_CorrespondingSourceObject: {fileID: 0}
  m_PrefabInstance: {fileID: 0}
  m_PrefabAsset: {fileID: 0}
  serializedVersion: 6
  m_Component:
  - component: {fileID: 6371999398976356422}
  m_Layer: 0
  m_Name: bb_male_LeftHandIndex3
  m_TagString: Untagged
  m_Icon: {fileID: 0}
  m_NavMeshLayer: 0
  m_StaticEditorFlags: 0
  m_IsActive: 1
--- !u!4 &6371999398976356422
Transform:
  m_ObjectHideFlags: 0
  m_CorrespondingSourceObject: {fileID: 0}
  m_PrefabInstance: {fileID: 0}
  m_PrefabAsset: {fileID: 0}
  m_GameObject: {fileID: 2672535369236881620}
  m_LocalRotation: {x: -0.297929, y: -0.018779172, z: -0.060039155, w: 0.952513}
  m_LocalPosition: {x: 0.029730383, y: -0.0015163397, z: 0.0001709083}
  m_LocalScale: {x: 1, y: 1, z: 1}
  m_Children: []
  m_Father: {fileID: 5594602725674708006}
  m_RootOrder: 0
  m_LocalEulerAnglesHint: {x: 0, y: 0, z: 0}
--- !u!1 &2752183968477241304
GameObject:
  m_ObjectHideFlags: 0
  m_CorrespondingSourceObject: {fileID: 0}
  m_PrefabInstance: {fileID: 0}
  m_PrefabAsset: {fileID: 0}
  serializedVersion: 6
  m_Component:
  - component: {fileID: 7843280557133908276}
  - component: {fileID: 5939802496321691116}
  m_Layer: 0
  m_Name: Shirt
  m_TagString: Untagged
  m_Icon: {fileID: 0}
  m_NavMeshLayer: 0
  m_StaticEditorFlags: 0
  m_IsActive: 1
--- !u!4 &7843280557133908276
Transform:
  m_ObjectHideFlags: 0
  m_CorrespondingSourceObject: {fileID: 0}
  m_PrefabInstance: {fileID: 0}
  m_PrefabAsset: {fileID: 0}
  m_GameObject: {fileID: 2752183968477241304}
  m_LocalRotation: {x: 0, y: -0, z: -0, w: 1}
  m_LocalPosition: {x: -0, y: 0, z: -8.45734e-17}
  m_LocalScale: {x: 1, y: 1, z: 1}
  m_Children: []
  m_Father: {fileID: 294956577622444249}
  m_RootOrder: 4
  m_LocalEulerAnglesHint: {x: 0, y: 0, z: 0}
--- !u!137 &5939802496321691116
SkinnedMeshRenderer:
  m_ObjectHideFlags: 0
  m_CorrespondingSourceObject: {fileID: 0}
  m_PrefabInstance: {fileID: 0}
  m_PrefabAsset: {fileID: 0}
  m_GameObject: {fileID: 2752183968477241304}
  m_Enabled: 1
  m_CastShadows: 1
  m_ReceiveShadows: 1
  m_DynamicOccludee: 1
  m_MotionVectors: 1
  m_LightProbeUsage: 1
  m_ReflectionProbeUsage: 1
  m_RenderingLayerMask: 1
  m_RendererPriority: 0
  m_Materials:
  - {fileID: 2100010, guid: a1a9f652b9fd90a4989aaf7930043956, type: 3}
  m_StaticBatchInfo:
    firstSubMesh: 0
    subMeshCount: 0
  m_StaticBatchRoot: {fileID: 0}
  m_ProbeAnchor: {fileID: 0}
  m_LightProbeVolumeOverride: {fileID: 0}
  m_ScaleInLightmap: 1
  m_PreserveUVs: 0
  m_IgnoreNormalsForChartDetection: 0
  m_ImportantGI: 0
  m_StitchLightmapSeams: 0
  m_SelectedEditorRenderState: 3
  m_MinimumChartSize: 4
  m_AutoUVMaxDistance: 0.5
  m_AutoUVMaxAngle: 89
  m_LightmapParameters: {fileID: 0}
  m_SortingLayerID: 0
  m_SortingLayer: 0
  m_SortingOrder: 0
  serializedVersion: 2
  m_Quality: 0
  m_UpdateWhenOffscreen: 0
  m_SkinnedMotionVectors: 1
  m_Mesh: {fileID: 4300016, guid: a1a9f652b9fd90a4989aaf7930043956, type: 3}
  m_Bones:
  - {fileID: 6168427850927892811}
  - {fileID: 2816104208645205614}
  - {fileID: 6960374922860509378}
  - {fileID: 3897449902681541921}
  - {fileID: 8728672709673286741}
  - {fileID: 3746761038807053102}
  - {fileID: 782109838911212023}
  - {fileID: 5944248395537377758}
  - {fileID: 9130557428536420746}
  - {fileID: 2338783308616470906}
  - {fileID: 5821450216237727746}
  - {fileID: 6988336113976830502}
  - {fileID: 5481304009009481762}
  - {fileID: 8077809887927157165}
  - {fileID: 8866670159084359533}
  m_BlendShapeWeights: []
  m_RootBone: {fileID: 5481304009009481762}
  m_AABB:
    m_Center: {x: -0.31398326, y: -0.05623038, z: 0.0012843609}
    m_Extent: {x: 0.37750667, y: 0.23199694, z: 0.6237612}
  m_DirtyAABB: 0
--- !u!1 &2965802302672761598
GameObject:
  m_ObjectHideFlags: 0
  m_CorrespondingSourceObject: {fileID: 0}
  m_PrefabInstance: {fileID: 0}
  m_PrefabAsset: {fileID: 0}
  serializedVersion: 6
  m_Component:
  - component: {fileID: 8870761819201588353}
  - component: {fileID: 9004015707598123638}
  m_Layer: 0
  m_Name: bb_male_haircut
  m_TagString: Untagged
  m_Icon: {fileID: 0}
  m_NavMeshLayer: 0
  m_StaticEditorFlags: 0
  m_IsActive: 1
--- !u!4 &8870761819201588353
Transform:
  m_ObjectHideFlags: 0
  m_CorrespondingSourceObject: {fileID: 0}
  m_PrefabInstance: {fileID: 0}
  m_PrefabAsset: {fileID: 0}
  m_GameObject: {fileID: 2965802302672761598}
  m_LocalRotation: {x: 0, y: -0, z: -0, w: 1}
  m_LocalPosition: {x: -0, y: 0, z: 0}
  m_LocalScale: {x: 1, y: 1, z: 1}
  m_Children: []
  m_Father: {fileID: 294956577622444249}
  m_RootOrder: 1
  m_LocalEulerAnglesHint: {x: 0, y: 0, z: 0}
--- !u!137 &9004015707598123638
SkinnedMeshRenderer:
  m_ObjectHideFlags: 0
  m_CorrespondingSourceObject: {fileID: 0}
  m_PrefabInstance: {fileID: 0}
  m_PrefabAsset: {fileID: 0}
  m_GameObject: {fileID: 2965802302672761598}
  m_Enabled: 1
  m_CastShadows: 1
  m_ReceiveShadows: 1
  m_DynamicOccludee: 1
  m_MotionVectors: 1
  m_LightProbeUsage: 1
  m_ReflectionProbeUsage: 1
  m_RenderingLayerMask: 1
  m_RendererPriority: 0
  m_Materials:
  - {fileID: 2100008, guid: a1a9f652b9fd90a4989aaf7930043956, type: 3}
  m_StaticBatchInfo:
    firstSubMesh: 0
    subMeshCount: 0
  m_StaticBatchRoot: {fileID: 0}
  m_ProbeAnchor: {fileID: 0}
  m_LightProbeVolumeOverride: {fileID: 0}
  m_ScaleInLightmap: 1
  m_PreserveUVs: 0
  m_IgnoreNormalsForChartDetection: 0
  m_ImportantGI: 0
  m_StitchLightmapSeams: 0
  m_SelectedEditorRenderState: 3
  m_MinimumChartSize: 4
  m_AutoUVMaxDistance: 0.5
  m_AutoUVMaxAngle: 89
  m_LightmapParameters: {fileID: 0}
  m_SortingLayerID: 0
  m_SortingLayer: 0
  m_SortingOrder: 0
  serializedVersion: 2
  m_Quality: 0
  m_UpdateWhenOffscreen: 0
  m_SkinnedMotionVectors: 1
  m_Mesh: {fileID: 4300014, guid: a1a9f652b9fd90a4989aaf7930043956, type: 3}
  m_Bones:
  - {fileID: 856893861351597985}
  m_BlendShapeWeights: []
  m_RootBone: {fileID: 856893861351597985}
  m_AABB:
    m_Center: {x: -0.07384069, y: -0.078738116, z: -0.00009188056}
    m_Extent: {x: 0.14192338, y: 0.10939244, z: 0.09965627}
  m_DirtyAABB: 0
--- !u!1 &3088214000692718569
GameObject:
  m_ObjectHideFlags: 0
  m_CorrespondingSourceObject: {fileID: 0}
  m_PrefabInstance: {fileID: 0}
  m_PrefabAsset: {fileID: 0}
  serializedVersion: 6
  m_Component:
  - component: {fileID: 8006797674615844566}
  m_Layer: 0
  m_Name: Eye_R_joint
  m_TagString: Untagged
  m_Icon: {fileID: 0}
  m_NavMeshLayer: 0
  m_StaticEditorFlags: 0
  m_IsActive: 1
--- !u!4 &8006797674615844566
Transform:
  m_ObjectHideFlags: 0
  m_CorrespondingSourceObject: {fileID: 0}
  m_PrefabInstance: {fileID: 0}
  m_PrefabAsset: {fileID: 0}
  m_GameObject: {fileID: 3088214000692718569}
  m_LocalRotation: {x: 0.9262658, y: -0.37687027, z: 0.00017200547, w: 0.0007784358}
  m_LocalPosition: {x: -0.10908067, y: 0.017284203, z: -0.03483567}
  m_LocalScale: {x: 1, y: 1, z: 1}
  m_Children:
  - {fileID: 3925429719355581839}
  - {fileID: 544945114690508095}
  m_Father: {fileID: 856893861351597985}
  m_RootOrder: 1
  m_LocalEulerAnglesHint: {x: 0, y: 0, z: 0}
--- !u!1 &3220301040705357127
GameObject:
  m_ObjectHideFlags: 0
  m_CorrespondingSourceObject: {fileID: 0}
  m_PrefabInstance: {fileID: 0}
  m_PrefabAsset: {fileID: 0}
  serializedVersion: 6
  m_Component:
  - component: {fileID: 5892522170997317107}
  m_Layer: 0
  m_Name: bb_male_LeftUpLeg
  m_TagString: Untagged
  m_Icon: {fileID: 0}
  m_NavMeshLayer: 0
  m_StaticEditorFlags: 0
  m_IsActive: 1
--- !u!4 &5892522170997317107
Transform:
  m_ObjectHideFlags: 0
  m_CorrespondingSourceObject: {fileID: 0}
  m_PrefabInstance: {fileID: 0}
  m_PrefabAsset: {fileID: 0}
  m_GameObject: {fileID: 3220301040705357127}
  m_LocalRotation: {x: 0.7215527, y: 0.0073577524, z: 0.07316519, w: 0.6884435}
  m_LocalPosition: {x: -0.0067775855, y: -0.0011012175, z: 0.092918746}
  m_LocalScale: {x: 1, y: 1, z: 1}
  m_Children:
  - {fileID: 758728217003890925}
  m_Father: {fileID: 5481304009009481762}
  m_RootOrder: 0
  m_LocalEulerAnglesHint: {x: 0, y: 0, z: 0}
--- !u!1 &3294031538589305609
GameObject:
  m_ObjectHideFlags: 0
  m_CorrespondingSourceObject: {fileID: 0}
  m_PrefabInstance: {fileID: 0}
  m_PrefabAsset: {fileID: 0}
  serializedVersion: 6
  m_Component:
  - component: {fileID: 5821450216237727746}
  m_Layer: 0
  m_Name: bb_male_LeftForeArmRoll
  m_TagString: Untagged
  m_Icon: {fileID: 0}
  m_NavMeshLayer: 0
  m_StaticEditorFlags: 0
  m_IsActive: 1
--- !u!4 &5821450216237727746
Transform:
  m_ObjectHideFlags: 0
  m_CorrespondingSourceObject: {fileID: 0}
  m_PrefabInstance: {fileID: 0}
  m_PrefabAsset: {fileID: 0}
  m_GameObject: {fileID: 3294031538589305609}
  m_LocalRotation: {x: 0.9775562, y: -0, z: 0, w: -0.21067488}
  m_LocalPosition: {x: 0.14259382, y: 0.0024302946, z: 0.0042833514}
  m_LocalScale: {x: 1, y: 1, z: 1}
  m_Children:
  - {fileID: 6988336113976830502}
  m_Father: {fileID: 2338783308616470906}
  m_RootOrder: 0
  m_LocalEulerAnglesHint: {x: 0, y: 0, z: 0}
--- !u!1 &3336913077563225070
GameObject:
  m_ObjectHideFlags: 0
  m_CorrespondingSourceObject: {fileID: 0}
  m_PrefabInstance: {fileID: 0}
  m_PrefabAsset: {fileID: 0}
  serializedVersion: 6
  m_Component:
  - component: {fileID: 5481304009009481762}
  m_Layer: 0
  m_Name: bb_male_Hips
  m_TagString: Untagged
  m_Icon: {fileID: 0}
  m_NavMeshLayer: 0
  m_StaticEditorFlags: 0
  m_IsActive: 1
--- !u!4 &5481304009009481762
Transform:
  m_ObjectHideFlags: 0
  m_CorrespondingSourceObject: {fileID: 0}
  m_PrefabInstance: {fileID: 0}
  m_PrefabAsset: {fileID: 0}
  m_GameObject: {fileID: 3336913077563225070}
  m_LocalRotation: {x: 0.5158441, y: -0.48363784, z: -0.5158434, w: 0.48363715}
  m_LocalPosition: {x: 4.2632563e-16, y: 1.0035592, z: 0.008527036}
  m_LocalScale: {x: 1, y: 1, z: 1}
  m_Children:
  - {fileID: 5892522170997317107}
  - {fileID: 7702173818968158936}
  - {fileID: 8077809887927157165}
  m_Father: {fileID: 1778881553699627357}
  m_RootOrder: 0
  m_LocalEulerAnglesHint: {x: 0, y: 0, z: 0}
--- !u!1 &3345645676610582699
GameObject:
  m_ObjectHideFlags: 0
  m_CorrespondingSourceObject: {fileID: 0}
  m_PrefabInstance: {fileID: 0}
  m_PrefabAsset: {fileID: 0}
  serializedVersion: 6
  m_Component:
  - component: {fileID: 6553137747094027923}
  m_Layer: 0
  m_Name: bb_male_LeftHandRing3
  m_TagString: Untagged
  m_Icon: {fileID: 0}
  m_NavMeshLayer: 0
  m_StaticEditorFlags: 0
  m_IsActive: 1
--- !u!4 &6553137747094027923
Transform:
  m_ObjectHideFlags: 0
  m_CorrespondingSourceObject: {fileID: 0}
  m_PrefabInstance: {fileID: 0}
  m_PrefabAsset: {fileID: 0}
  m_GameObject: {fileID: 3345645676610582699}
  m_LocalRotation: {x: 0.3979517, y: 0.011824075, z: -0.027244002, w: 0.91692555}
  m_LocalPosition: {x: 0.035351582, y: -0.00019290706, z: 0.00021150509}
  m_LocalScale: {x: 1, y: 1, z: 1}
  m_Children: []
  m_Father: {fileID: 5186447082293460757}
  m_RootOrder: 0
  m_LocalEulerAnglesHint: {x: 0, y: 0, z: 0}
--- !u!1 &3540265184435056997
GameObject:
  m_ObjectHideFlags: 0
  m_CorrespondingSourceObject: {fileID: 0}
  m_PrefabInstance: {fileID: 0}
  m_PrefabAsset: {fileID: 0}
  serializedVersion: 6
  m_Component:
  - component: {fileID: 4520718700252868985}
  m_Layer: 0
  m_Name: bb_male_LeftHandMiddle2
  m_TagString: Untagged
  m_Icon: {fileID: 0}
  m_NavMeshLayer: 0
  m_StaticEditorFlags: 0
  m_IsActive: 1
--- !u!4 &4520718700252868985
Transform:
  m_ObjectHideFlags: 0
  m_CorrespondingSourceObject: {fileID: 0}
  m_PrefabInstance: {fileID: 0}
  m_PrefabAsset: {fileID: 0}
  m_GameObject: {fileID: 3540265184435056997}
  m_LocalRotation: {x: -0.64540213, y: -0.17658016, z: 0.12002179, w: 0.7333965}
  m_LocalPosition: {x: 0.04540541, y: -0.00036311126, z: -0.00016518171}
  m_LocalScale: {x: 1, y: 1, z: 1}
  m_Children:
  - {fileID: 5087429550503615979}
  m_Father: {fileID: 4342409892241903156}
  m_RootOrder: 0
  m_LocalEulerAnglesHint: {x: 0, y: 0, z: 0}
--- !u!1 &3600863312962189605
GameObject:
  m_ObjectHideFlags: 0
  m_CorrespondingSourceObject: {fileID: 0}
  m_PrefabInstance: {fileID: 0}
  m_PrefabAsset: {fileID: 0}
  serializedVersion: 6
  m_Component:
  - component: {fileID: 9130557428536420746}
  m_Layer: 0
  m_Name: bb_male_LeftArm
  m_TagString: Untagged
  m_Icon: {fileID: 0}
  m_NavMeshLayer: 0
  m_StaticEditorFlags: 0
  m_IsActive: 1
--- !u!4 &9130557428536420746
Transform:
  m_ObjectHideFlags: 0
  m_CorrespondingSourceObject: {fileID: 0}
  m_PrefabInstance: {fileID: 0}
  m_PrefabAsset: {fileID: 0}
  m_GameObject: {fileID: 3600863312962189605}
  m_LocalRotation: {x: 0.16833109, y: 0.02781016, z: -0.47367337, w: 0.8640167}
  m_LocalPosition: {x: 0.12674335, y: -0.006247452, z: -0.008518782}
  m_LocalScale: {x: 1, y: 1, z: 1}
  m_Children:
  - {fileID: 2338783308616470906}
  m_Father: {fileID: 5944248395537377758}
  m_RootOrder: 0
  m_LocalEulerAnglesHint: {x: 0, y: 0, z: 0}
--- !u!1 &4216663967896508056
GameObject:
  m_ObjectHideFlags: 0
  m_CorrespondingSourceObject: {fileID: 0}
  m_PrefabInstance: {fileID: 0}
  m_PrefabAsset: {fileID: 0}
  serializedVersion: 6
  m_Component:
  - component: {fileID: 8501407906653311535}
  m_Layer: 0
  m_Name: bb_male_RightHandThumb2
  m_TagString: Untagged
  m_Icon: {fileID: 0}
  m_NavMeshLayer: 0
  m_StaticEditorFlags: 0
  m_IsActive: 1
--- !u!4 &8501407906653311535
Transform:
  m_ObjectHideFlags: 0
  m_CorrespondingSourceObject: {fileID: 0}
  m_PrefabInstance: {fileID: 0}
  m_PrefabAsset: {fileID: 0}
  m_GameObject: {fileID: 4216663967896508056}
  m_LocalRotation: {x: 0.9702381, y: 0.23376586, z: -0.02501726, w: -0.058014825}
  m_LocalPosition: {x: -0.03970367, y: -0.0014558441, z: -0.0005521609}
  m_LocalScale: {x: 1, y: 1, z: 1}
  m_Children:
  - {fileID: 1345791161717135486}
  m_Father: {fileID: 2385906827991433723}
  m_RootOrder: 0
  m_LocalEulerAnglesHint: {x: 0, y: 0, z: 0}
--- !u!1 &4301552006570085277
GameObject:
  m_ObjectHideFlags: 0
  m_CorrespondingSourceObject: {fileID: 0}
  m_PrefabInstance: {fileID: 0}
  m_PrefabAsset: {fileID: 0}
  serializedVersion: 6
  m_Component:
  - component: {fileID: 8850121770415558326}
  - component: {fileID: 1332207151777101033}
  - component: {fileID: 6150497874830796441}
  m_Layer: 0
  m_Name: pPipe2
  m_TagString: Untagged
  m_Icon: {fileID: 0}
  m_NavMeshLayer: 0
  m_StaticEditorFlags: 0
  m_IsActive: 1
--- !u!4 &8850121770415558326
Transform:
  m_ObjectHideFlags: 0
  m_CorrespondingSourceObject: {fileID: 0}
  m_PrefabInstance: {fileID: 0}
  m_PrefabAsset: {fileID: 0}
  m_GameObject: {fileID: 4301552006570085277}
  m_LocalRotation: {x: -0.25909495, y: -0.65792847, z: -0.25909495, w: 0.65792847}
  m_LocalPosition: {x: -0.044681333, y: 0.022534499, z: -0.000062181316}
  m_LocalScale: {x: 1.0716468, y: 1.0716468, z: 1.0716468}
  m_Children: []
  m_Father: {fileID: 821125720883996802}
  m_RootOrder: 1
  m_LocalEulerAnglesHint: {x: 0, y: 0, z: 0}
--- !u!33 &1332207151777101033
MeshFilter:
  m_ObjectHideFlags: 0
  m_CorrespondingSourceObject: {fileID: 0}
  m_PrefabInstance: {fileID: 0}
  m_PrefabAsset: {fileID: 0}
  m_GameObject: {fileID: 4301552006570085277}
  m_Mesh: {fileID: 4300008, guid: a1a9f652b9fd90a4989aaf7930043956, type: 3}
--- !u!23 &6150497874830796441
MeshRenderer:
  m_ObjectHideFlags: 0
  m_CorrespondingSourceObject: {fileID: 0}
  m_PrefabInstance: {fileID: 0}
  m_PrefabAsset: {fileID: 0}
  m_GameObject: {fileID: 4301552006570085277}
  m_Enabled: 1
  m_CastShadows: 1
  m_ReceiveShadows: 1
  m_DynamicOccludee: 1
  m_MotionVectors: 1
  m_LightProbeUsage: 1
  m_ReflectionProbeUsage: 1
  m_RenderingLayerMask: 1
  m_RendererPriority: 0
  m_Materials:
  - {fileID: 2100004, guid: a1a9f652b9fd90a4989aaf7930043956, type: 3}
  m_StaticBatchInfo:
    firstSubMesh: 0
    subMeshCount: 0
  m_StaticBatchRoot: {fileID: 0}
  m_ProbeAnchor: {fileID: 0}
  m_LightProbeVolumeOverride: {fileID: 0}
  m_ScaleInLightmap: 1
  m_PreserveUVs: 0
  m_IgnoreNormalsForChartDetection: 0
  m_ImportantGI: 0
  m_StitchLightmapSeams: 0
  m_SelectedEditorRenderState: 3
  m_MinimumChartSize: 4
  m_AutoUVMaxDistance: 0.5
  m_AutoUVMaxAngle: 89
  m_LightmapParameters: {fileID: 0}
  m_SortingLayerID: 0
  m_SortingLayer: 0
  m_SortingOrder: 0
--- !u!1 &4315487486184300528
GameObject:
  m_ObjectHideFlags: 0
  m_CorrespondingSourceObject: {fileID: 0}
  m_PrefabInstance: {fileID: 0}
  m_PrefabAsset: {fileID: 0}
  serializedVersion: 6
  m_Component:
  - component: {fileID: 2816104208645205614}
  m_Layer: 0
  m_Name: bb_male_Neck
  m_TagString: Untagged
  m_Icon: {fileID: 0}
  m_NavMeshLayer: 0
  m_StaticEditorFlags: 0
  m_IsActive: 1
--- !u!4 &2816104208645205614
Transform:
  m_ObjectHideFlags: 0
  m_CorrespondingSourceObject: {fileID: 0}
  m_PrefabInstance: {fileID: 0}
  m_PrefabAsset: {fileID: 0}
  m_GameObject: {fileID: 4315487486184300528}
  m_LocalRotation: {x: -0.000516, y: -0.00013992515, z: -0.24037237, w: 0.97068065}
  m_LocalPosition: {x: -0.16204555, y: 0.02273765, z: 1.08416425e-16}
  m_LocalScale: {x: 1, y: 1, z: 1}
  m_Children:
  - {fileID: 856893861351597985}
  m_Father: {fileID: 6168427850927892811}
  m_RootOrder: 1
  m_LocalEulerAnglesHint: {x: 0, y: 0, z: 0}
--- !u!1 &4381643942192995701
GameObject:
  m_ObjectHideFlags: 0
  m_CorrespondingSourceObject: {fileID: 0}
  m_PrefabInstance: {fileID: 0}
  m_PrefabAsset: {fileID: 0}
  serializedVersion: 6
  m_Component:
  - component: {fileID: 5944248395537377758}
  m_Layer: 0
  m_Name: bb_male_LeftShoulder
  m_TagString: Untagged
  m_Icon: {fileID: 0}
  m_NavMeshLayer: 0
  m_StaticEditorFlags: 0
  m_IsActive: 1
--- !u!4 &5944248395537377758
Transform:
  m_ObjectHideFlags: 0
  m_CorrespondingSourceObject: {fileID: 0}
  m_PrefabInstance: {fileID: 0}
  m_PrefabAsset: {fileID: 0}
  m_GameObject: {fileID: 4381643942192995701}
  m_LocalRotation: {x: -0.5000419, y: 0.5895635, z: -0.4238131, w: -0.47196972}
  m_LocalPosition: {x: -0.09274838, y: -0.00009609446, z: 0.078132994}
  m_LocalScale: {x: 1, y: 1, z: 1}
  m_Children:
  - {fileID: 9130557428536420746}
  m_Father: {fileID: 6168427850927892811}
  m_RootOrder: 0
  m_LocalEulerAnglesHint: {x: 0, y: 0, z: 0}
--- !u!1 &4652799709896819699
GameObject:
  m_ObjectHideFlags: 0
  m_CorrespondingSourceObject: {fileID: 0}
  m_PrefabInstance: {fileID: 0}
  m_PrefabAsset: {fileID: 0}
  serializedVersion: 6
  m_Component:
  - component: {fileID: 1345791161717135486}
  m_Layer: 0
  m_Name: bb_male_RightHandThumb3
  m_TagString: Untagged
  m_Icon: {fileID: 0}
  m_NavMeshLayer: 0
  m_StaticEditorFlags: 0
  m_IsActive: 1
--- !u!4 &1345791161717135486
Transform:
  m_ObjectHideFlags: 0
  m_CorrespondingSourceObject: {fileID: 0}
  m_PrefabInstance: {fileID: 0}
  m_PrefabAsset: {fileID: 0}
  m_GameObject: {fileID: 4652799709896819699}
  m_LocalRotation: {x: 0.9921653, y: 0.11721184, z: -0.030565582, w: 0.030580344}
  m_LocalPosition: {x: -0.03443289, y: 0.00034293113, z: -0.0017713517}
  m_LocalScale: {x: 1, y: 1, z: 1}
  m_Children: []
  m_Father: {fileID: 8501407906653311535}
  m_RootOrder: 0
  m_LocalEulerAnglesHint: {x: 0, y: 0, z: 0}
--- !u!1 &4735191302351981116
GameObject:
  m_ObjectHideFlags: 0
  m_CorrespondingSourceObject: {fileID: 0}
  m_PrefabInstance: {fileID: 0}
  m_PrefabAsset: {fileID: 0}
  serializedVersion: 6
  m_Component:
  - component: {fileID: 782109838911212023}
  m_Layer: 0
  m_Name: bb_male_RightHand
  m_TagString: Untagged
  m_Icon: {fileID: 0}
  m_NavMeshLayer: 0
  m_StaticEditorFlags: 0
  m_IsActive: 1
--- !u!4 &782109838911212023
Transform:
  m_ObjectHideFlags: 0
  m_CorrespondingSourceObject: {fileID: 0}
  m_PrefabInstance: {fileID: 0}
  m_PrefabAsset: {fileID: 0}
  m_GameObject: {fileID: 4735191302351981116}
  m_LocalRotation: {x: 0.4431068, y: 0.045547698, z: -0.09154814, w: 0.8906182}
  m_LocalPosition: {x: -0.13397487, y: 0.004264545, z: 0.0007891357}
  m_LocalScale: {x: 1, y: 1, z: 1}
  m_Children:
  - {fileID: 8553706306187074048}
  - {fileID: 648155290482598130}
  - {fileID: 8774778446536555896}
  - {fileID: 8496420791770383857}
  - {fileID: 2385906827991433723}
  m_Father: {fileID: 3746761038807053102}
  m_RootOrder: 0
  m_LocalEulerAnglesHint: {x: 0, y: 0, z: 0}
--- !u!1 &4830884305174630159
GameObject:
  m_ObjectHideFlags: 0
  m_CorrespondingSourceObject: {fileID: 0}
  m_PrefabInstance: {fileID: 0}
  m_PrefabAsset: {fileID: 0}
  serializedVersion: 6
  m_Component:
  - component: {fileID: 1828226534547138813}
  m_Layer: 0
  m_Name: Eye_L_joint
  m_TagString: Untagged
  m_Icon: {fileID: 0}
  m_NavMeshLayer: 0
  m_StaticEditorFlags: 0
  m_IsActive: 1
--- !u!4 &1828226534547138813
Transform:
  m_ObjectHideFlags: 0
  m_CorrespondingSourceObject: {fileID: 0}
  m_PrefabInstance: {fileID: 0}
  m_PrefabAsset: {fileID: 0}
  m_GameObject: {fileID: 4830884305174630159}
  m_LocalRotation: {x: 0.9262656, y: -0.37686995, z: 0.00049972365, w: 0.0009118802}
  m_LocalPosition: {x: -0.109079644, y: 0.017411042, z: 0.034900166}
  m_LocalScale: {x: 1, y: 1, z: 1}
  m_Children:
  - {fileID: 151300792030568506}
  - {fileID: 4060892071490512769}
  m_Father: {fileID: 856893861351597985}
  m_RootOrder: 0
  m_LocalEulerAnglesHint: {x: 0, y: 0, z: 0}
--- !u!1 &4851560072901045134
GameObject:
  m_ObjectHideFlags: 0
  m_CorrespondingSourceObject: {fileID: 0}
  m_PrefabInstance: {fileID: 0}
  m_PrefabAsset: {fileID: 0}
  serializedVersion: 6
  m_Component:
  - component: {fileID: 6988336113976830502}
  m_Layer: 0
  m_Name: bb_male_LeftHand
  m_TagString: Untagged
  m_Icon: {fileID: 0}
  m_NavMeshLayer: 0
  m_StaticEditorFlags: 0
  m_IsActive: 1
--- !u!4 &6988336113976830502
Transform:
  m_ObjectHideFlags: 0
  m_CorrespondingSourceObject: {fileID: 0}
  m_PrefabInstance: {fileID: 0}
  m_PrefabAsset: {fileID: 0}
  m_GameObject: {fileID: 4851560072901045134}
  m_LocalRotation: {x: 0.4431068, y: 0.045547698, z: -0.09154814, w: 0.8906182}
  m_LocalPosition: {x: 0.13397062, y: -0.004260926, z: -0.0007882667}
  m_LocalScale: {x: 1, y: 1, z: 1}
  m_Children:
  - {fileID: 4378665111402686300}
  - {fileID: 4342409892241903156}
  - {fileID: 1454858791659986356}
  - {fileID: 4141622922095723365}
  - {fileID: 5305185912194284412}
  m_Father: {fileID: 5821450216237727746}
  m_RootOrder: 0
  m_LocalEulerAnglesHint: {x: 0, y: 0, z: 0}
--- !u!1 &4898778057310738559
GameObject:
  m_ObjectHideFlags: 0
  m_CorrespondingSourceObject: {fileID: 0}
  m_PrefabInstance: {fileID: 0}
  m_PrefabAsset: {fileID: 0}
  serializedVersion: 6
  m_Component:
  - component: {fileID: 294956577622444249}
  m_Layer: 0
  m_Name: Geo
  m_TagString: Untagged
  m_Icon: {fileID: 0}
  m_NavMeshLayer: 0
  m_StaticEditorFlags: 0
  m_IsActive: 1
--- !u!4 &294956577622444249
Transform:
  m_ObjectHideFlags: 0
  m_CorrespondingSourceObject: {fileID: 0}
  m_PrefabInstance: {fileID: 0}
  m_PrefabAsset: {fileID: 0}
  m_GameObject: {fileID: 4898778057310738559}
  m_LocalRotation: {x: 0, y: -0, z: -0, w: 1}
  m_LocalPosition: {x: -0, y: 0, z: 0}
  m_LocalScale: {x: 1, y: 1, z: 1}
  m_Children:
  - {fileID: 2733945389407332287}
  - {fileID: 8870761819201588353}
  - {fileID: 2159845158022963633}
  - {fileID: 3485527889048393103}
  - {fileID: 7843280557133908276}
  m_Father: {fileID: 8099617784552098723}
  m_RootOrder: 0
  m_LocalEulerAnglesHint: {x: 0, y: 0, z: 0}
--- !u!1 &4962532562411348959
GameObject:
  m_ObjectHideFlags: 0
  m_CorrespondingSourceObject: {fileID: 0}
  m_PrefabInstance: {fileID: 0}
  m_PrefabAsset: {fileID: 0}
  serializedVersion: 6
  m_Component:
  - component: {fileID: 8553706306187074048}
  m_Layer: 0
  m_Name: bb_male_RightHandIndex1
  m_TagString: Untagged
  m_Icon: {fileID: 0}
  m_NavMeshLayer: 0
  m_StaticEditorFlags: 0
  m_IsActive: 1
--- !u!4 &8553706306187074048
Transform:
  m_ObjectHideFlags: 0
  m_CorrespondingSourceObject: {fileID: 0}
  m_PrefabInstance: {fileID: 0}
  m_PrefabAsset: {fileID: 0}
  m_GameObject: {fileID: 4962532562411348959}
  m_LocalRotation: {x: 0.89077586, y: 0.0030948932, z: -0.10454171, w: 0.4422441}
  m_LocalPosition: {x: -0.108291626, y: 0.0050400784, z: 0.023488846}
  m_LocalScale: {x: 1, y: 1, z: 1}
  m_Children:
  - {fileID: 1859524499449531917}
  m_Father: {fileID: 782109838911212023}
  m_RootOrder: 0
  m_LocalEulerAnglesHint: {x: 0, y: 0, z: 0}
--- !u!1 &4988699705339693324
GameObject:
  m_ObjectHideFlags: 0
  m_CorrespondingSourceObject: {fileID: 0}
  m_PrefabInstance: {fileID: 0}
  m_PrefabAsset: {fileID: 0}
  serializedVersion: 6
  m_Component:
  - component: {fileID: 3485527889048393103}
  - component: {fileID: 9189839826722975349}
  m_Layer: 0
  m_Name: Pants
  m_TagString: Untagged
  m_Icon: {fileID: 0}
  m_NavMeshLayer: 0
  m_StaticEditorFlags: 0
  m_IsActive: 1
--- !u!4 &3485527889048393103
Transform:
  m_ObjectHideFlags: 0
  m_CorrespondingSourceObject: {fileID: 0}
  m_PrefabInstance: {fileID: 0}
  m_PrefabAsset: {fileID: 0}
  m_GameObject: {fileID: 4988699705339693324}
  m_LocalRotation: {x: 0, y: -0, z: -0, w: 1}
  m_LocalPosition: {x: -0, y: 0, z: -2.6841802e-17}
  m_LocalScale: {x: 1, y: 1, z: 1}
  m_Children: []
  m_Father: {fileID: 294956577622444249}
  m_RootOrder: 3
  m_LocalEulerAnglesHint: {x: 0, y: 0, z: 0}
--- !u!137 &9189839826722975349
SkinnedMeshRenderer:
  m_ObjectHideFlags: 0
  m_CorrespondingSourceObject: {fileID: 0}
  m_PrefabInstance: {fileID: 0}
  m_PrefabAsset: {fileID: 0}
  m_GameObject: {fileID: 4988699705339693324}
  m_Enabled: 1
  m_CastShadows: 1
  m_ReceiveShadows: 1
  m_DynamicOccludee: 1
  m_MotionVectors: 1
  m_LightProbeUsage: 1
  m_ReflectionProbeUsage: 1
  m_RenderingLayerMask: 1
  m_RendererPriority: 0
  m_Materials:
  - {fileID: 2100010, guid: a1a9f652b9fd90a4989aaf7930043956, type: 3}
  m_StaticBatchInfo:
    firstSubMesh: 0
    subMeshCount: 0
  m_StaticBatchRoot: {fileID: 0}
  m_ProbeAnchor: {fileID: 0}
  m_LightProbeVolumeOverride: {fileID: 0}
  m_ScaleInLightmap: 1
  m_PreserveUVs: 0
  m_IgnoreNormalsForChartDetection: 0
  m_ImportantGI: 0
  m_StitchLightmapSeams: 0
  m_SelectedEditorRenderState: 3
  m_MinimumChartSize: 4
  m_AutoUVMaxDistance: 0.5
  m_AutoUVMaxAngle: 89
  m_LightmapParameters: {fileID: 0}
  m_SortingLayerID: 0
  m_SortingLayer: 0
  m_SortingOrder: 0
  serializedVersion: 2
  m_Quality: 0
  m_UpdateWhenOffscreen: 0
  m_SkinnedMotionVectors: 1
  m_Mesh: {fileID: 4300018, guid: a1a9f652b9fd90a4989aaf7930043956, type: 3}
  m_Bones:
  - {fileID: 5481304009009481762}
  - {fileID: 7702173818968158936}
  - {fileID: 4407899121954294378}
  - {fileID: 1499351350789511221}
  - {fileID: 5892522170997317107}
  - {fileID: 758728217003890925}
  - {fileID: 8091972337545075043}
  m_BlendShapeWeights: []
  m_RootBone: {fileID: 5481304009009481762}
  m_AABB:
    m_Center: {x: 0.42964467, y: 0.0062184334, z: -0.000045776367}
    m_Extent: {x: 0.5792905, y: 0.2220076, z: 0.30471545}
  m_DirtyAABB: 0
--- !u!1 &5005334129598744698
GameObject:
  m_ObjectHideFlags: 0
  m_CorrespondingSourceObject: {fileID: 0}
  m_PrefabInstance: {fileID: 0}
  m_PrefabAsset: {fileID: 0}
  serializedVersion: 6
  m_Component:
  - component: {fileID: 5305185912194284412}
  m_Layer: 0
  m_Name: bb_male_LeftHandThumb1
  m_TagString: Untagged
  m_Icon: {fileID: 0}
  m_NavMeshLayer: 0
  m_StaticEditorFlags: 0
  m_IsActive: 1
--- !u!4 &5305185912194284412
Transform:
  m_ObjectHideFlags: 0
  m_CorrespondingSourceObject: {fileID: 0}
  m_PrefabInstance: {fileID: 0}
  m_PrefabAsset: {fileID: 0}
  m_GameObject: {fileID: 5005334129598744698}
  m_LocalRotation: {x: 0.4408114, y: 0.013737694, z: -0.42017135, w: 0.79306537}
  m_LocalPosition: {x: 0.035094056, y: -0.02920046, z: -0.009173251}
  m_LocalScale: {x: 1, y: 1, z: 1}
  m_Children:
  - {fileID: 521266786273154593}
  m_Father: {fileID: 6988336113976830502}
  m_RootOrder: 4
  m_LocalEulerAnglesHint: {x: 0, y: 0, z: 0}
--- !u!1 &5255803878080637949
GameObject:
  m_ObjectHideFlags: 0
  m_CorrespondingSourceObject: {fileID: 0}
  m_PrefabInstance: {fileID: 0}
  m_PrefabAsset: {fileID: 0}
  serializedVersion: 6
  m_Component:
  - component: {fileID: 8866670159084359533}
  m_Layer: 0
  m_Name: bb_male_Spine1
  m_TagString: Untagged
  m_Icon: {fileID: 0}
  m_NavMeshLayer: 0
  m_StaticEditorFlags: 0
  m_IsActive: 1
--- !u!4 &8866670159084359533
Transform:
  m_ObjectHideFlags: 0
  m_CorrespondingSourceObject: {fileID: 0}
  m_PrefabInstance: {fileID: 0}
  m_PrefabAsset: {fileID: 0}
  m_GameObject: {fileID: 5255803878080637949}
  m_LocalRotation: {x: -1.7068312e-13, y: 3.363909e-14, z: 1.3867318e-17, w: 1}
  m_LocalPosition: {x: -0.13163052, y: -0.022624912, z: 0.0000000074633055}
  m_LocalScale: {x: 1, y: 1, z: 1}
  m_Children:
  - {fileID: 6168427850927892811}
  m_Father: {fileID: 8077809887927157165}
  m_RootOrder: 0
  m_LocalEulerAnglesHint: {x: 0, y: 0, z: 0}
--- !u!1 &5592336275789557274
GameObject:
  m_ObjectHideFlags: 0
  m_CorrespondingSourceObject: {fileID: 0}
  m_PrefabInstance: {fileID: 0}
  m_PrefabAsset: {fileID: 0}
  serializedVersion: 6
  m_Component:
  - component: {fileID: 2733945389407332287}
  - component: {fileID: 2898315532935372540}
  m_Layer: 0
  m_Name: bb_male_body
  m_TagString: Untagged
  m_Icon: {fileID: 0}
  m_NavMeshLayer: 0
  m_StaticEditorFlags: 0
  m_IsActive: 1
--- !u!4 &2733945389407332287
Transform:
  m_ObjectHideFlags: 0
  m_CorrespondingSourceObject: {fileID: 0}
  m_PrefabInstance: {fileID: 0}
  m_PrefabAsset: {fileID: 0}
  m_GameObject: {fileID: 5592336275789557274}
  m_LocalRotation: {x: 0, y: -0, z: -0, w: 1}
  m_LocalPosition: {x: -0, y: 0, z: 0}
  m_LocalScale: {x: 1, y: 1, z: 1}
  m_Children: []
  m_Father: {fileID: 294956577622444249}
  m_RootOrder: 0
  m_LocalEulerAnglesHint: {x: 0, y: 0, z: 0}
--- !u!137 &2898315532935372540
SkinnedMeshRenderer:
  m_ObjectHideFlags: 0
  m_CorrespondingSourceObject: {fileID: 0}
  m_PrefabInstance: {fileID: 0}
  m_PrefabAsset: {fileID: 0}
  m_GameObject: {fileID: 5592336275789557274}
  m_Enabled: 1
  m_CastShadows: 1
  m_ReceiveShadows: 1
  m_DynamicOccludee: 1
  m_MotionVectors: 1
  m_LightProbeUsage: 1
  m_ReflectionProbeUsage: 1
  m_RenderingLayerMask: 1
  m_RendererPriority: 0
  m_Materials:
  - {fileID: 2100006, guid: a1a9f652b9fd90a4989aaf7930043956, type: 3}
  m_StaticBatchInfo:
    firstSubMesh: 0
    subMeshCount: 0
  m_StaticBatchRoot: {fileID: 0}
  m_ProbeAnchor: {fileID: 0}
  m_LightProbeVolumeOverride: {fileID: 0}
  m_ScaleInLightmap: 1
  m_PreserveUVs: 0
  m_IgnoreNormalsForChartDetection: 0
  m_ImportantGI: 0
  m_StitchLightmapSeams: 0
  m_SelectedEditorRenderState: 3
  m_MinimumChartSize: 4
  m_AutoUVMaxDistance: 0.5
  m_AutoUVMaxAngle: 89
  m_LightmapParameters: {fileID: 0}
  m_SortingLayerID: 0
  m_SortingLayer: 0
  m_SortingOrder: 0
  serializedVersion: 2
  m_Quality: 0
  m_UpdateWhenOffscreen: 0
  m_SkinnedMotionVectors: 1
  m_Mesh: {fileID: 4300012, guid: a1a9f652b9fd90a4989aaf7930043956, type: 3}
  m_Bones:
  - {fileID: 2816104208645205614}
  - {fileID: 856893861351597985}
  - {fileID: 821125720883996802}
  - {fileID: 3746761038807053102}
  - {fileID: 782109838911212023}
  - {fileID: 648155290482598130}
  - {fileID: 8133869095974352583}
  - {fileID: 7985474403721980858}
  - {fileID: 8553706306187074048}
  - {fileID: 1859524499449531917}
  - {fileID: 8228508176036660219}
  - {fileID: 2385906827991433723}
  - {fileID: 8501407906653311535}
  - {fileID: 1345791161717135486}
  - {fileID: 8496420791770383857}
  - {fileID: 3027662487137020481}
  - {fileID: 4418395344726552353}
  - {fileID: 8774778446536555896}
  - {fileID: 4925423494013161500}
  - {fileID: 7839671024463246007}
  - {fileID: 5821450216237727746}
  - {fileID: 6988336113976830502}
  - {fileID: 4342409892241903156}
  - {fileID: 4520718700252868985}
  - {fileID: 5087429550503615979}
  - {fileID: 4378665111402686300}
  - {fileID: 5594602725674708006}
  - {fileID: 6371999398976356422}
  - {fileID: 5305185912194284412}
  - {fileID: 521266786273154593}
  - {fileID: 1672197902169485240}
  - {fileID: 4141622922095723365}
  - {fileID: 5186447082293460757}
  - {fileID: 6553137747094027923}
  - {fileID: 1454858791659986356}
  - {fileID: 870818827382746071}
  - {fileID: 8899671396697974543}
  - {fileID: 4407899121954294378}
  - {fileID: 1499351350789511221}
  - {fileID: 758728217003890925}
  - {fileID: 8091972337545075043}
  m_BlendShapeWeights: []
  m_RootBone: {fileID: 5821450216237727746}
  m_AABB:
    m_Center: {x: -0.035376698, y: -0.3737678, z: -0.39982805}
    m_Extent: {x: 0.8780457, y: 0.7347457, z: 0.4877787}
  m_DirtyAABB: 0
--- !u!1 &5672344589180579795
GameObject:
  m_ObjectHideFlags: 0
  m_CorrespondingSourceObject: {fileID: 0}
  m_PrefabInstance: {fileID: 0}
  m_PrefabAsset: {fileID: 0}
  serializedVersion: 6
  m_Component:
  - component: {fileID: 1778881553699627357}
  m_Layer: 0
  m_Name: reference
  m_TagString: Untagged
  m_Icon: {fileID: 0}
  m_NavMeshLayer: 0
  m_StaticEditorFlags: 0
  m_IsActive: 1
--- !u!4 &1778881553699627357
Transform:
  m_ObjectHideFlags: 0
  m_CorrespondingSourceObject: {fileID: 0}
  m_PrefabInstance: {fileID: 0}
  m_PrefabAsset: {fileID: 0}
  m_GameObject: {fileID: 5672344589180579795}
  m_LocalRotation: {x: 0, y: -0, z: -0, w: 1}
  m_LocalPosition: {x: -0, y: 0, z: 0.026558477}
  m_LocalScale: {x: 0.9331432, y: 0.9331432, z: 0.9331432}
  m_Children:
  - {fileID: 5481304009009481762}
  m_Father: {fileID: 8099617784552098723}
  m_RootOrder: 1
  m_LocalEulerAnglesHint: {x: 0, y: 0, z: 0}
--- !u!1 &5706509081446933743
GameObject:
  m_ObjectHideFlags: 0
  m_CorrespondingSourceObject: {fileID: 0}
  m_PrefabInstance: {fileID: 0}
  m_PrefabAsset: {fileID: 0}
  serializedVersion: 6
  m_Component:
  - component: {fileID: 6960374922860509378}
  m_Layer: 0
  m_Name: bb_male_RightShoulder
  m_TagString: Untagged
  m_Icon: {fileID: 0}
  m_NavMeshLayer: 0
  m_StaticEditorFlags: 0
  m_IsActive: 1
--- !u!4 &6960374922860509378
Transform:
  m_ObjectHideFlags: 0
  m_CorrespondingSourceObject: {fileID: 0}
  m_PrefabInstance: {fileID: 0}
  m_PrefabAsset: {fileID: 0}
  m_GameObject: {fileID: 5706509081446933743}
  m_LocalRotation: {x: 0.5895635, y: 0.5000419, z: 0.47196972, w: -0.4238131}
  m_LocalPosition: {x: -0.09275266, y: -0.00009627251, z: -0.078132965}
  m_LocalScale: {x: 1, y: 1, z: 1}
  m_Children:
  - {fileID: 3897449902681541921}
  m_Father: {fileID: 6168427850927892811}
  m_RootOrder: 2
  m_LocalEulerAnglesHint: {x: 0, y: 0, z: 0}
--- !u!1 &5912405382665231451
GameObject:
  m_ObjectHideFlags: 0
  m_CorrespondingSourceObject: {fileID: 0}
  m_PrefabInstance: {fileID: 0}
  m_PrefabAsset: {fileID: 0}
  serializedVersion: 6
  m_Component:
  - component: {fileID: 1859524499449531917}
  m_Layer: 0
  m_Name: bb_male_RightHandIndex2
  m_TagString: Untagged
  m_Icon: {fileID: 0}
  m_NavMeshLayer: 0
  m_StaticEditorFlags: 0
  m_IsActive: 1
--- !u!4 &1859524499449531917
Transform:
  m_ObjectHideFlags: 0
  m_CorrespondingSourceObject: {fileID: 0}
  m_PrefabInstance: {fileID: 0}
  m_PrefabAsset: {fileID: 0}
  m_GameObject: {fileID: 5912405382665231451}
  m_LocalRotation: {x: -0.015397401, y: 0.027728047, z: 0.21806782, w: 0.97541815}
  m_LocalPosition: {x: -0.04249961, y: -0.0005160454, z: -0.00032771358}
  m_LocalScale: {x: 1, y: 1, z: 1}
  m_Children:
  - {fileID: 8228508176036660219}
  m_Father: {fileID: 8553706306187074048}
  m_RootOrder: 0
  m_LocalEulerAnglesHint: {x: 0, y: 0, z: 0}
--- !u!1 &5953199778339757337
GameObject:
  m_ObjectHideFlags: 0
  m_CorrespondingSourceObject: {fileID: 0}
  m_PrefabInstance: {fileID: 0}
  m_PrefabAsset: {fileID: 0}
  serializedVersion: 6
  m_Component:
  - component: {fileID: 521266786273154593}
  m_Layer: 0
  m_Name: bb_male_LeftHandThumb2
  m_TagString: Untagged
  m_Icon: {fileID: 0}
  m_NavMeshLayer: 0
  m_StaticEditorFlags: 0
  m_IsActive: 1
--- !u!4 &521266786273154593
Transform:
  m_ObjectHideFlags: 0
  m_CorrespondingSourceObject: {fileID: 0}
  m_PrefabInstance: {fileID: 0}
  m_PrefabAsset: {fileID: 0}
  m_GameObject: {fileID: 5953199778339757337}
  m_LocalRotation: {x: 0.9702381, y: 0.23376586, z: -0.02501726, w: -0.058014825}
  m_LocalPosition: {x: 0.03970393, y: 0.0014561767, z: 0.00055202877}
  m_LocalScale: {x: 1, y: 1, z: 1}
  m_Children:
  - {fileID: 1672197902169485240}
  m_Father: {fileID: 5305185912194284412}
  m_RootOrder: 0
  m_LocalEulerAnglesHint: {x: 0, y: 0, z: 0}
--- !u!1 &6076770734935167584
GameObject:
  m_ObjectHideFlags: 0
  m_CorrespondingSourceObject: {fileID: 0}
  m_PrefabInstance: {fileID: 0}
  m_PrefabAsset: {fileID: 0}
  serializedVersion: 6
  m_Component:
  - component: {fileID: 8133869095974352583}
  m_Layer: 0
  m_Name: bb_male_RightHandMiddle2
  m_TagString: Untagged
  m_Icon: {fileID: 0}
  m_NavMeshLayer: 0
  m_StaticEditorFlags: 0
  m_IsActive: 1
--- !u!4 &8133869095974352583
Transform:
  m_ObjectHideFlags: 0
  m_CorrespondingSourceObject: {fileID: 0}
  m_PrefabInstance: {fileID: 0}
  m_PrefabAsset: {fileID: 0}
  m_GameObject: {fileID: 6076770734935167584}
  m_LocalRotation: {x: -0.64540213, y: -0.17658016, z: 0.12002179, w: 0.7333965}
  m_LocalPosition: {x: -0.0454058, y: 0.00036320958, z: 0.00016546273}
  m_LocalScale: {x: 1, y: 1, z: 1}
  m_Children:
  - {fileID: 7985474403721980858}
  m_Father: {fileID: 648155290482598130}
  m_RootOrder: 0
  m_LocalEulerAnglesHint: {x: 0, y: 0, z: 0}
--- !u!1 &6344009531387748576
GameObject:
  m_ObjectHideFlags: 0
  m_CorrespondingSourceObject: {fileID: 0}
  m_PrefabInstance: {fileID: 0}
  m_PrefabAsset: {fileID: 0}
  serializedVersion: 6
  m_Component:
  - component: {fileID: 856893861351597985}
  m_Layer: 0
  m_Name: bb_male_Head
  m_TagString: Untagged
  m_Icon: {fileID: 0}
  m_NavMeshLayer: 0
  m_StaticEditorFlags: 0
  m_IsActive: 1
--- !u!4 &856893861351597985
Transform:
  m_ObjectHideFlags: 0
  m_CorrespondingSourceObject: {fileID: 0}
  m_PrefabInstance: {fileID: 0}
  m_PrefabAsset: {fileID: 0}
  m_GameObject: {fileID: 6344009531387748576}
  m_LocalRotation: {x: 0.0013376202, y: 0.00018278482, z: -0.13539091, w: 0.9907913}
  m_LocalPosition: {x: -0.11305478, y: -0.019911658, z: -0.000024377405}
  m_LocalScale: {x: 1, y: 1, z: 1}
  m_Children:
  - {fileID: 1828226534547138813}
  - {fileID: 8006797674615844566}
  - {fileID: 821125720883996802}
  - {fileID: 8060623025372682211}
  m_Father: {fileID: 2816104208645205614}
  m_RootOrder: 0
  m_LocalEulerAnglesHint: {x: 0, y: 0, z: 0}
--- !u!1 &6456333159700449844
GameObject:
  m_ObjectHideFlags: 0
  m_CorrespondingSourceObject: {fileID: 0}
  m_PrefabInstance: {fileID: 0}
  m_PrefabAsset: {fileID: 0}
  serializedVersion: 6
  m_Component:
  - component: {fileID: 3925429719355581839}
  - component: {fileID: 4141366845065146053}
  - component: {fileID: 6727412980670286671}
  m_Layer: 0
  m_Name: Eye_R
  m_TagString: Untagged
  m_Icon: {fileID: 0}
  m_NavMeshLayer: 0
  m_StaticEditorFlags: 0
  m_IsActive: 1
--- !u!4 &3925429719355581839
Transform:
  m_ObjectHideFlags: 0
  m_CorrespondingSourceObject: {fileID: 0}
  m_PrefabInstance: {fileID: 0}
  m_PrefabAsset: {fileID: 0}
  m_GameObject: {fileID: 6456333159700449844}
  m_LocalRotation: {x: -0.0003749343, y: -0.7070196, z: -0.0003750266, w: 0.70719373}
  m_LocalPosition: {x: -0.007751604, y: 0.000008270478, z: 0.0000019027011}
  m_LocalScale: {x: 1.0716468, y: 1.0716468, z: 1.0716468}
  m_Children: []
  m_Father: {fileID: 8006797674615844566}
  m_RootOrder: 0
  m_LocalEulerAnglesHint: {x: 0, y: 0, z: 0}
--- !u!33 &4141366845065146053
MeshFilter:
  m_ObjectHideFlags: 0
  m_CorrespondingSourceObject: {fileID: 0}
  m_PrefabInstance: {fileID: 0}
  m_PrefabAsset: {fileID: 0}
  m_GameObject: {fileID: 6456333159700449844}
  m_Mesh: {fileID: 4300000, guid: a1a9f652b9fd90a4989aaf7930043956, type: 3}
--- !u!23 &6727412980670286671
MeshRenderer:
  m_ObjectHideFlags: 0
  m_CorrespondingSourceObject: {fileID: 0}
  m_PrefabInstance: {fileID: 0}
  m_PrefabAsset: {fileID: 0}
  m_GameObject: {fileID: 6456333159700449844}
  m_Enabled: 1
  m_CastShadows: 1
  m_ReceiveShadows: 1
  m_DynamicOccludee: 1
  m_MotionVectors: 1
  m_LightProbeUsage: 1
  m_ReflectionProbeUsage: 1
  m_RenderingLayerMask: 1
  m_RendererPriority: 0
  m_Materials:
  - {fileID: 2100000, guid: a1a9f652b9fd90a4989aaf7930043956, type: 3}
  m_StaticBatchInfo:
    firstSubMesh: 0
    subMeshCount: 0
  m_StaticBatchRoot: {fileID: 0}
  m_ProbeAnchor: {fileID: 0}
  m_LightProbeVolumeOverride: {fileID: 0}
  m_ScaleInLightmap: 1
  m_PreserveUVs: 0
  m_IgnoreNormalsForChartDetection: 0
  m_ImportantGI: 0
  m_StitchLightmapSeams: 0
  m_SelectedEditorRenderState: 3
  m_MinimumChartSize: 4
  m_AutoUVMaxDistance: 0.5
  m_AutoUVMaxAngle: 89
  m_LightmapParameters: {fileID: 0}
  m_SortingLayerID: 0
  m_SortingLayer: 0
  m_SortingOrder: 0
--- !u!1 &6743186305146653894
GameObject:
  m_ObjectHideFlags: 0
  m_CorrespondingSourceObject: {fileID: 0}
  m_PrefabInstance: {fileID: 0}
  m_PrefabAsset: {fileID: 0}
  serializedVersion: 6
  m_Component:
  - component: {fileID: 4418395344726552353}
  m_Layer: 0
  m_Name: bb_male_RightHandRing3
  m_TagString: Untagged
  m_Icon: {fileID: 0}
  m_NavMeshLayer: 0
  m_StaticEditorFlags: 0
  m_IsActive: 1
--- !u!4 &4418395344726552353
Transform:
  m_ObjectHideFlags: 0
  m_CorrespondingSourceObject: {fileID: 0}
  m_PrefabInstance: {fileID: 0}
  m_PrefabAsset: {fileID: 0}
  m_GameObject: {fileID: 6743186305146653894}
  m_LocalRotation: {x: 0.3979517, y: 0.011824075, z: -0.027244002, w: 0.91692555}
  m_LocalPosition: {x: -0.035352297, y: 0.00019266992, z: -0.00021123735}
  m_LocalScale: {x: 1, y: 1, z: 1}
  m_Children: []
  m_Father: {fileID: 3027662487137020481}
  m_RootOrder: 0
  m_LocalEulerAnglesHint: {x: 0, y: 0, z: 0}
--- !u!1 &6827748993598258344
GameObject:
  m_ObjectHideFlags: 0
  m_CorrespondingSourceObject: {fileID: 0}
  m_PrefabInstance: {fileID: 0}
  m_PrefabAsset: {fileID: 0}
  serializedVersion: 6
  m_Component:
  - component: {fileID: 151300792030568506}
  - component: {fileID: 2156236438570288052}
  - component: {fileID: 1320078884666972352}
  m_Layer: 0
  m_Name: Eye_L
  m_TagString: Untagged
  m_Icon: {fileID: 0}
  m_NavMeshLayer: 0
  m_StaticEditorFlags: 0
  m_IsActive: 1
--- !u!4 &151300792030568506
Transform:
  m_ObjectHideFlags: 0
  m_CorrespondingSourceObject: {fileID: 0}
  m_PrefabInstance: {fileID: 0}
  m_PrefabAsset: {fileID: 0}
  m_GameObject: {fileID: 6827748993598258344}
  m_LocalRotation: {x: -0.00037510824, y: -0.7073478, z: -0.0003748525, w: 0.70686555}
  m_LocalPosition: {x: -0.0000000017027746, y: 0.00000003289369, z: -4.6413703e-10}
  m_LocalScale: {x: 1.0716468, y: 1.0716468, z: 1.0716468}
  m_Children: []
  m_Father: {fileID: 1828226534547138813}
  m_RootOrder: 0
  m_LocalEulerAnglesHint: {x: 0, y: 0, z: 0}
--- !u!33 &2156236438570288052
MeshFilter:
  m_ObjectHideFlags: 0
  m_CorrespondingSourceObject: {fileID: 0}
  m_PrefabInstance: {fileID: 0}
  m_PrefabAsset: {fileID: 0}
  m_GameObject: {fileID: 6827748993598258344}
  m_Mesh: {fileID: 4300004, guid: a1a9f652b9fd90a4989aaf7930043956, type: 3}
--- !u!23 &1320078884666972352
MeshRenderer:
  m_ObjectHideFlags: 0
  m_CorrespondingSourceObject: {fileID: 0}
  m_PrefabInstance: {fileID: 0}
  m_PrefabAsset: {fileID: 0}
  m_GameObject: {fileID: 6827748993598258344}
  m_Enabled: 1
  m_CastShadows: 1
  m_ReceiveShadows: 1
  m_DynamicOccludee: 1
  m_MotionVectors: 1
  m_LightProbeUsage: 1
  m_ReflectionProbeUsage: 1
  m_RenderingLayerMask: 1
  m_RendererPriority: 0
  m_Materials:
  - {fileID: 2100000, guid: a1a9f652b9fd90a4989aaf7930043956, type: 3}
  m_StaticBatchInfo:
    firstSubMesh: 0
    subMeshCount: 0
  m_StaticBatchRoot: {fileID: 0}
  m_ProbeAnchor: {fileID: 0}
  m_LightProbeVolumeOverride: {fileID: 0}
  m_ScaleInLightmap: 1
  m_PreserveUVs: 0
  m_IgnoreNormalsForChartDetection: 0
  m_ImportantGI: 0
  m_StitchLightmapSeams: 0
  m_SelectedEditorRenderState: 3
  m_MinimumChartSize: 4
  m_AutoUVMaxDistance: 0.5
  m_AutoUVMaxAngle: 89
  m_LightmapParameters: {fileID: 0}
  m_SortingLayerID: 0
  m_SortingLayer: 0
  m_SortingOrder: 0
--- !u!1 &6851852721154739942
GameObject:
  m_ObjectHideFlags: 0
  m_CorrespondingSourceObject: {fileID: 0}
  m_PrefabInstance: {fileID: 0}
  m_PrefabAsset: {fileID: 0}
  serializedVersion: 6
  m_Component:
  - component: {fileID: 1499351350789511221}
  m_Layer: 0
  m_Name: bb_male_RightFoot
  m_TagString: Untagged
  m_Icon: {fileID: 0}
  m_NavMeshLayer: 0
  m_StaticEditorFlags: 0
  m_IsActive: 1
--- !u!4 &1499351350789511221
Transform:
  m_ObjectHideFlags: 0
  m_CorrespondingSourceObject: {fileID: 0}
  m_PrefabInstance: {fileID: 0}
  m_PrefabAsset: {fileID: 0}
  m_GameObject: {fileID: 6851852721154739942}
  m_LocalRotation: {x: 0.8389969, y: 0.5430211, z: -0.017323902, w: -0.03020482}
  m_LocalPosition: {x: -0.45168632, y: 0.0069401036, z: 0.0015958765}
  m_LocalScale: {x: 1, y: 1, z: 1}
  m_Children:
  - {fileID: 1594951809846334713}
  m_Father: {fileID: 4407899121954294378}
  m_RootOrder: 0
  m_LocalEulerAnglesHint: {x: 0, y: 0, z: 0}
--- !u!1 &6895277522664514475
GameObject:
  m_ObjectHideFlags: 0
  m_CorrespondingSourceObject: {fileID: 0}
  m_PrefabInstance: {fileID: 0}
  m_PrefabAsset: {fileID: 0}
  serializedVersion: 6
  m_Component:
  - component: {fileID: 8091972337545075043}
  m_Layer: 0
  m_Name: bb_male_LeftFoot
  m_TagString: Untagged
  m_Icon: {fileID: 0}
  m_NavMeshLayer: 0
  m_StaticEditorFlags: 0
  m_IsActive: 1
--- !u!4 &8091972337545075043
Transform:
  m_ObjectHideFlags: 0
  m_CorrespondingSourceObject: {fileID: 0}
  m_PrefabInstance: {fileID: 0}
  m_PrefabAsset: {fileID: 0}
  m_GameObject: {fileID: 6895277522664514475}
  m_LocalRotation: {x: 0.8389969, y: 0.5430211, z: -0.017323902, w: -0.03020482}
  m_LocalPosition: {x: 0.4516868, y: -0.006940099, z: -0.0015959512}
  m_LocalScale: {x: 1, y: 1, z: 1}
  m_Children:
  - {fileID: 8206783179387532495}
  m_Father: {fileID: 758728217003890925}
  m_RootOrder: 0
  m_LocalEulerAnglesHint: {x: 0, y: 0, z: 0}
--- !u!1 &6942160790416415011
GameObject:
  m_ObjectHideFlags: 0
  m_CorrespondingSourceObject: {fileID: 0}
  m_PrefabInstance: {fileID: 0}
  m_PrefabAsset: {fileID: 0}
  serializedVersion: 6
  m_Component:
  - component: {fileID: 5186447082293460757}
  m_Layer: 0
  m_Name: bb_male_LeftHandRing2
  m_TagString: Untagged
  m_Icon: {fileID: 0}
  m_NavMeshLayer: 0
  m_StaticEditorFlags: 0
  m_IsActive: 1
--- !u!4 &5186447082293460757
Transform:
  m_ObjectHideFlags: 0
  m_CorrespondingSourceObject: {fileID: 0}
  m_PrefabInstance: {fileID: 0}
  m_PrefabAsset: {fileID: 0}
  m_GameObject: {fileID: 6942160790416415011}
  m_LocalRotation: {x: 0.6779537, y: 0.1315879, z: 0.12440562, w: 0.7124511}
  m_LocalPosition: {x: 0.044473905, y: 0.00026058065, z: -0.000012513045}
  m_LocalScale: {x: 1, y: 1, z: 1}
  m_Children:
  - {fileID: 6553137747094027923}
  m_Father: {fileID: 4141622922095723365}
  m_RootOrder: 0
  m_LocalEulerAnglesHint: {x: 0, y: 0, z: 0}
--- !u!1 &7168502307613051598
GameObject:
  m_ObjectHideFlags: 0
  m_CorrespondingSourceObject: {fileID: 0}
  m_PrefabInstance: {fileID: 0}
  m_PrefabAsset: {fileID: 0}
  serializedVersion: 6
  m_Component:
  - component: {fileID: 5594602725674708006}
  m_Layer: 0
  m_Name: bb_male_LeftHandIndex2
  m_TagString: Untagged
  m_Icon: {fileID: 0}
  m_NavMeshLayer: 0
  m_StaticEditorFlags: 0
  m_IsActive: 1
--- !u!4 &5594602725674708006
Transform:
  m_ObjectHideFlags: 0
  m_CorrespondingSourceObject: {fileID: 0}
  m_PrefabInstance: {fileID: 0}
  m_PrefabAsset: {fileID: 0}
  m_GameObject: {fileID: 7168502307613051598}
  m_LocalRotation: {x: -0.015397401, y: 0.027728047, z: 0.21806782, w: 0.97541815}
  m_LocalPosition: {x: 0.042500194, y: 0.0005158654, z: 0.0003278185}
  m_LocalScale: {x: 1, y: 1, z: 1}
  m_Children:
  - {fileID: 6371999398976356422}
  m_Father: {fileID: 4378665111402686300}
  m_RootOrder: 0
  m_LocalEulerAnglesHint: {x: 0, y: 0, z: 0}
--- !u!1 &7180797248439088232
GameObject:
  m_ObjectHideFlags: 0
  m_CorrespondingSourceObject: {fileID: 0}
  m_PrefabInstance: {fileID: 0}
  m_PrefabAsset: {fileID: 0}
  serializedVersion: 6
  m_Component:
  - component: {fileID: 4141622922095723365}
  m_Layer: 0
  m_Name: bb_male_LeftHandRing1
  m_TagString: Untagged
  m_Icon: {fileID: 0}
  m_NavMeshLayer: 0
  m_StaticEditorFlags: 0
  m_IsActive: 1
--- !u!4 &4141622922095723365
Transform:
  m_ObjectHideFlags: 0
  m_CorrespondingSourceObject: {fileID: 0}
  m_PrefabInstance: {fileID: 0}
  m_PrefabAsset: {fileID: 0}
  m_GameObject: {fileID: 7180797248439088232}
  m_LocalRotation: {x: 0.95641404, y: 0.03474363, z: 0.10118546, w: 0.27171052}
  m_LocalPosition: {x: 0.10242889, y: 0.02631265, z: 0.010230658}
  m_LocalScale: {x: 1, y: 1, z: 1}
  m_Children:
  - {fileID: 5186447082293460757}
  m_Father: {fileID: 6988336113976830502}
  m_RootOrder: 3
  m_LocalEulerAnglesHint: {x: 0, y: 0, z: 0}
--- !u!1 &7645542655177438272
GameObject:
  m_ObjectHideFlags: 0
  m_CorrespondingSourceObject: {fileID: 0}
  m_PrefabInstance: {fileID: 0}
  m_PrefabAsset: {fileID: 0}
  serializedVersion: 6
  m_Component:
  - component: {fileID: 7839671024463246007}
  m_Layer: 0
  m_Name: bb_male_RightHandPinky3
  m_TagString: Untagged
  m_Icon: {fileID: 0}
  m_NavMeshLayer: 0
  m_StaticEditorFlags: 0
  m_IsActive: 1
--- !u!4 &7839671024463246007
Transform:
  m_ObjectHideFlags: 0
  m_CorrespondingSourceObject: {fileID: 0}
  m_PrefabInstance: {fileID: 0}
  m_PrefabAsset: {fileID: 0}
  m_GameObject: {fileID: 7645542655177438272}
  m_LocalRotation: {x: 0.16813259, y: 0.00452239, z: -0.02650499, w: 0.98539764}
  m_LocalPosition: {x: -0.021911213, y: 0.0011359199, z: 0.00069096533}
  m_LocalScale: {x: 1, y: 1, z: 1}
  m_Children: []
  m_Father: {fileID: 4925423494013161500}
  m_RootOrder: 0
  m_LocalEulerAnglesHint: {x: 0, y: 0, z: 0}
--- !u!1 &7721275364864889741
GameObject:
  m_ObjectHideFlags: 0
  m_CorrespondingSourceObject: {fileID: 0}
  m_PrefabInstance: {fileID: 0}
  m_PrefabAsset: {fileID: 0}
  serializedVersion: 6
  m_Component:
  - component: {fileID: 8774778446536555896}
  m_Layer: 0
  m_Name: bb_male_RightHandPinky1
  m_TagString: Untagged
  m_Icon: {fileID: 0}
  m_NavMeshLayer: 0
  m_StaticEditorFlags: 0
  m_IsActive: 1
--- !u!4 &8774778446536555896
Transform:
  m_ObjectHideFlags: 0
  m_CorrespondingSourceObject: {fileID: 0}
  m_PrefabInstance: {fileID: 0}
  m_PrefabAsset: {fileID: 0}
  m_GameObject: {fileID: 7721275364864889741}
  m_LocalRotation: {x: 0.9448199, y: 0.1737927, z: 0.1447073, w: -0.23700468}
  m_LocalPosition: {x: -0.09347416, y: -0.039480675, z: -0.03240345}
  m_LocalScale: {x: 1, y: 1, z: 1}
  m_Children:
  - {fileID: 4925423494013161500}
  m_Father: {fileID: 782109838911212023}
  m_RootOrder: 2
  m_LocalEulerAnglesHint: {x: 0, y: 0, z: 0}
--- !u!1 &8088294850319033249
GameObject:
  m_ObjectHideFlags: 0
  m_CorrespondingSourceObject: {fileID: 0}
  m_PrefabInstance: {fileID: 0}
  m_PrefabAsset: {fileID: 0}
  serializedVersion: 6
  m_Component:
  - component: {fileID: 4925423494013161500}
  m_Layer: 0
  m_Name: bb_male_RightHandPinky2
  m_TagString: Untagged
  m_Icon: {fileID: 0}
  m_NavMeshLayer: 0
  m_StaticEditorFlags: 0
  m_IsActive: 1
--- !u!4 &4925423494013161500
Transform:
  m_ObjectHideFlags: 0
  m_CorrespondingSourceObject: {fileID: 0}
  m_PrefabInstance: {fileID: 0}
  m_PrefabAsset: {fileID: 0}
  m_GameObject: {fileID: 8088294850319033249}
  m_LocalRotation: {x: 0.9390153, y: 0.042373933, z: -0.075304374, w: -0.3328422}
  m_LocalPosition: {x: -0.034789212, y: -1.7551064e-16, z: -1.0824674e-16}
  m_LocalScale: {x: 1, y: 1, z: 1}
  m_Children:
  - {fileID: 7839671024463246007}
  m_Father: {fileID: 8774778446536555896}
  m_RootOrder: 0
  m_LocalEulerAnglesHint: {x: 0, y: 0, z: 0}
--- !u!1 &8410226511549624436
GameObject:
  m_ObjectHideFlags: 0
  m_CorrespondingSourceObject: {fileID: 0}
  m_PrefabInstance: {fileID: 0}
  m_PrefabAsset: {fileID: 0}
  serializedVersion: 6
  m_Component:
  - component: {fileID: 8077809887927157165}
  m_Layer: 0
  m_Name: bb_male_Spine
  m_TagString: Untagged
  m_Icon: {fileID: 0}
  m_NavMeshLayer: 0
  m_StaticEditorFlags: 0
  m_IsActive: 1
--- !u!4 &8077809887927157165
Transform:
  m_ObjectHideFlags: 0
  m_CorrespondingSourceObject: {fileID: 0}
  m_PrefabInstance: {fileID: 0}
  m_PrefabAsset: {fileID: 0}
  m_GameObject: {fileID: 8410226511549624436}
  m_LocalRotation: {x: 0.9877265, y: 0.15619338, z: -0.000000088101224, w: 0.00000055712934}
  m_LocalPosition: {x: -0.17957619, y: -0.016207822, z: 0.00000002959976}
  m_LocalScale: {x: 1, y: 1, z: 1}
  m_Children:
  - {fileID: 8866670159084359533}
  m_Father: {fileID: 5481304009009481762}
  m_RootOrder: 2
  m_LocalEulerAnglesHint: {x: 0, y: 0, z: 0}
--- !u!1 &8440295345184766177
GameObject:
  m_ObjectHideFlags: 0
  m_CorrespondingSourceObject: {fileID: 0}
  m_PrefabInstance: {fileID: 0}
  m_PrefabAsset: {fileID: 0}
  serializedVersion: 6
  m_Component:
  - component: {fileID: 8899671396697974543}
  m_Layer: 0
  m_Name: bb_male_LeftHandPinky3
  m_TagString: Untagged
  m_Icon: {fileID: 0}
  m_NavMeshLayer: 0
  m_StaticEditorFlags: 0
  m_IsActive: 1
--- !u!4 &8899671396697974543
Transform:
  m_ObjectHideFlags: 0
  m_CorrespondingSourceObject: {fileID: 0}
  m_PrefabInstance: {fileID: 0}
  m_PrefabAsset: {fileID: 0}
  m_GameObject: {fileID: 8440295345184766177}
  m_LocalRotation: {x: 0.16813259, y: 0.00452239, z: -0.02650499, w: 0.98539764}
  m_LocalPosition: {x: 0.021911051, y: -0.0011357906, z: -0.0006912809}
  m_LocalScale: {x: 1, y: 1, z: 1}
  m_Children: []
  m_Father: {fileID: 870818827382746071}
  m_RootOrder: 0
  m_LocalEulerAnglesHint: {x: 0, y: 0, z: 0}
--- !u!1 &8505302641201588613
GameObject:
  m_ObjectHideFlags: 0
  m_CorrespondingSourceObject: {fileID: 0}
  m_PrefabInstance: {fileID: 0}
  m_PrefabAsset: {fileID: 0}
  serializedVersion: 6
  m_Component:
  - component: {fileID: 2338783308616470906}
  m_Layer: 0
  m_Name: bb_male_LeftForeArm
  m_TagString: Untagged
  m_Icon: {fileID: 0}
  m_NavMeshLayer: 0
  m_StaticEditorFlags: 0
  m_IsActive: 1
--- !u!4 &2338783308616470906
Transform:
  m_ObjectHideFlags: 0
  m_CorrespondingSourceObject: {fileID: 0}
  m_PrefabInstance: {fileID: 0}
  m_PrefabAsset: {fileID: 0}
  m_GameObject: {fileID: 8505302641201588613}
  m_LocalRotation: {x: 0.73265547, y: 0.031083144, z: -0.22101825, w: 0.64296246}
  m_LocalPosition: {x: 0.34102252, y: -0.024510358, z: -0.0015910777}
  m_LocalScale: {x: 1, y: 1, z: 1}
  m_Children:
  - {fileID: 5821450216237727746}
  m_Father: {fileID: 9130557428536420746}
  m_RootOrder: 0
  m_LocalEulerAnglesHint: {x: 0, y: 0, z: 0}
--- !u!1 &8561859497094516030
GameObject:
  m_ObjectHideFlags: 0
  m_CorrespondingSourceObject: {fileID: 0}
  m_PrefabInstance: {fileID: 0}
  m_PrefabAsset: {fileID: 0}
  serializedVersion: 6
  m_Component:
  - component: {fileID: 3027662487137020481}
  m_Layer: 0
  m_Name: bb_male_RightHandRing2
  m_TagString: Untagged
  m_Icon: {fileID: 0}
  m_NavMeshLayer: 0
  m_StaticEditorFlags: 0
  m_IsActive: 1
--- !u!4 &3027662487137020481
Transform:
  m_ObjectHideFlags: 0
  m_CorrespondingSourceObject: {fileID: 0}
  m_PrefabInstance: {fileID: 0}
  m_PrefabAsset: {fileID: 0}
  m_GameObject: {fileID: 8561859497094516030}
  m_LocalRotation: {x: 0.6779537, y: 0.1315879, z: 0.12440562, w: 0.7124511}
  m_LocalPosition: {x: -0.04447418, y: -0.0002599801, z: 0.000013426506}
  m_LocalScale: {x: 1, y: 1, z: 1}
  m_Children:
  - {fileID: 4418395344726552353}
  m_Father: {fileID: 8496420791770383857}
  m_RootOrder: 0
  m_LocalEulerAnglesHint: {x: 0, y: 0, z: 0}
--- !u!1 &8688156148519035508
GameObject:
  m_ObjectHideFlags: 0
  m_CorrespondingSourceObject: {fileID: 0}
  m_PrefabInstance: {fileID: 0}
  m_PrefabAsset: {fileID: 0}
  serializedVersion: 6
  m_Component:
  - component: {fileID: 7702173818968158936}
  m_Layer: 0
  m_Name: bb_male_RightUpLeg
  m_TagString: Untagged
  m_Icon: {fileID: 0}
  m_NavMeshLayer: 0
  m_StaticEditorFlags: 0
  m_IsActive: 1
--- !u!4 &7702173818968158936
Transform:
  m_ObjectHideFlags: 0
  m_CorrespondingSourceObject: {fileID: 0}
  m_PrefabInstance: {fileID: 0}
  m_PrefabAsset: {fileID: 0}
  m_GameObject: {fileID: 8688156148519035508}
  m_LocalRotation: {x: -0.0073577166, y: 0.72155374, z: 0.6884424, w: -0.07316513}
  m_LocalPosition: {x: -0.00677716, y: -0.0011014065, z: -0.09291871}
  m_LocalScale: {x: 1, y: 1, z: 1}
  m_Children:
  - {fileID: 4407899121954294378}
  m_Father: {fileID: 5481304009009481762}
  m_RootOrder: 1
  m_LocalEulerAnglesHint: {x: 0, y: 0, z: 0}
--- !u!1 &8877550942944638630
GameObject:
  m_ObjectHideFlags: 0
  m_CorrespondingSourceObject: {fileID: 0}
  m_PrefabInstance: {fileID: 0}
  m_PrefabAsset: {fileID: 0}
  serializedVersion: 6
  m_Component:
  - component: {fileID: 870818827382746071}
  m_Layer: 0
  m_Name: bb_male_LeftHandPinky2
  m_TagString: Untagged
  m_Icon: {fileID: 0}
  m_NavMeshLayer: 0
  m_StaticEditorFlags: 0
  m_IsActive: 1
--- !u!4 &870818827382746071
Transform:
  m_ObjectHideFlags: 0
  m_CorrespondingSourceObject: {fileID: 0}
  m_PrefabInstance: {fileID: 0}
  m_PrefabAsset: {fileID: 0}
  m_GameObject: {fileID: 8877550942944638630}
  m_LocalRotation: {x: 0.9390153, y: 0.042373933, z: -0.075304374, w: -0.3328422}
  m_LocalPosition: {x: 0.03478905, y: -0.00000009115024, z: 0.00000008107327}
  m_LocalScale: {x: 1, y: 1, z: 1}
  m_Children:
  - {fileID: 8899671396697974543}
  m_Father: {fileID: 1454858791659986356}
  m_RootOrder: 0
  m_LocalEulerAnglesHint: {x: 0, y: 0, z: 0}
--- !u!1 &8901202263942247430
GameObject:
  m_ObjectHideFlags: 0
  m_CorrespondingSourceObject: {fileID: 0}
  m_PrefabInstance: {fileID: 0}
  m_PrefabAsset: {fileID: 0}
  serializedVersion: 6
  m_Component:
  - component: {fileID: 758728217003890925}
  m_Layer: 0
  m_Name: bb_male_LeftLeg
  m_TagString: Untagged
  m_Icon: {fileID: 0}
  m_NavMeshLayer: 0
  m_StaticEditorFlags: 0
  m_IsActive: 1
--- !u!4 &758728217003890925
Transform:
  m_ObjectHideFlags: 0
  m_CorrespondingSourceObject: {fileID: 0}
  m_PrefabInstance: {fileID: 0}
  m_PrefabAsset: {fileID: 0}
  m_GameObject: {fileID: 8901202263942247430}
  m_LocalRotation: {x: -0.6610108, y: -0.072570294, z: -0.06860077, w: 0.7437017}
  m_LocalPosition: {x: 0.47963732, y: 0.0019098826, z: 0.008973683}
  m_LocalScale: {x: 1, y: 1, z: 1}
  m_Children:
  - {fileID: 8091972337545075043}
  m_Father: {fileID: 5892522170997317107}
  m_RootOrder: 0
  m_LocalEulerAnglesHint: {x: 0, y: 0, z: 0}
--- !u!1 &8928281337688348558
GameObject:
  m_ObjectHideFlags: 0
  m_CorrespondingSourceObject: {fileID: 0}
  m_PrefabInstance: {fileID: 0}
  m_PrefabAsset: {fileID: 0}
  serializedVersion: 6
  m_Component:
  - component: {fileID: 3577443930563142338}
  m_Layer: 0
  m_Name: JawEnd
  m_TagString: Untagged
  m_Icon: {fileID: 0}
  m_NavMeshLayer: 0
  m_StaticEditorFlags: 0
  m_IsActive: 1
--- !u!4 &3577443930563142338
Transform:
  m_ObjectHideFlags: 0
  m_CorrespondingSourceObject: {fileID: 0}
  m_PrefabInstance: {fileID: 0}
  m_PrefabAsset: {fileID: 0}
  m_GameObject: {fileID: 8928281337688348558}
  m_LocalRotation: {x: 0.7757213, y: -0.6310749, z: 0.0005681595, w: -0.0007101351}
  m_LocalPosition: {x: -0.080258355, y: -2.973652e-16, z: 1.2427732e-15}
  m_LocalScale: {x: 1, y: 1, z: 1}
  m_Children: []
  m_Father: {fileID: 821125720883996802}
  m_RootOrder: 0
  m_LocalEulerAnglesHint: {x: 0, y: 0, z: 0}
--- !u!1 &8930219080383638677
GameObject:
  m_ObjectHideFlags: 0
  m_CorrespondingSourceObject: {fileID: 0}
  m_PrefabInstance: {fileID: 0}
  m_PrefabAsset: {fileID: 0}
  serializedVersion: 6
  m_Component:
  - component: {fileID: 1594951809846334713}
  m_Layer: 0
  m_Name: bb_male_RightToeBase
  m_TagString: Untagged
  m_Icon: {fileID: 0}
  m_NavMeshLayer: 0
  m_StaticEditorFlags: 0
  m_IsActive: 1
--- !u!4 &1594951809846334713
Transform:
  m_ObjectHideFlags: 0
  m_CorrespondingSourceObject: {fileID: 0}
  m_PrefabInstance: {fileID: 0}
  m_PrefabAsset: {fileID: 0}
  m_GameObject: {fileID: 8930219080383638677}
  m_LocalRotation: {x: 0.09108911, y: 0.025185369, z: -0.26530007, w: 0.959523}
  m_LocalPosition: {x: -0.18279457, y: 0.021547861, z: 0.005205578}
  m_LocalScale: {x: 1, y: 1, z: 1}
  m_Children: []
  m_Father: {fileID: 1499351350789511221}
  m_RootOrder: 0
  m_LocalEulerAnglesHint: {x: 0, y: 0, z: 0}
--- !u!1 &9120900127104744571
GameObject:
  m_ObjectHideFlags: 0
  m_CorrespondingSourceObject: {fileID: 0}
  m_PrefabInstance: {fileID: 0}
  m_PrefabAsset: {fileID: 0}
  serializedVersion: 6
  m_Component:
  - component: {fileID: 6168427850927892811}
  m_Layer: 0
  m_Name: bb_male_Spine2
  m_TagString: Untagged
  m_Icon: {fileID: 0}
  m_NavMeshLayer: 0
  m_StaticEditorFlags: 0
  m_IsActive: 1
--- !u!4 &6168427850927892811
Transform:
  m_ObjectHideFlags: 0
  m_CorrespondingSourceObject: {fileID: 0}
  m_PrefabInstance: {fileID: 0}
  m_PrefabAsset: {fileID: 0}
  m_GameObject: {fileID: 9120900127104744571}
  m_LocalRotation: {x: 0.989519, y: 0.14440283, z: -0.00000004628789, w: 0.0000003171873}
  m_LocalPosition: {x: -0.14457399, y: -0.006071304, z: 0.0000000038922763}
  m_LocalScale: {x: 1, y: 1, z: 1}
  m_Children:
  - {fileID: 5944248395537377758}
  - {fileID: 2816104208645205614}
  - {fileID: 6960374922860509378}
  m_Father: {fileID: 8866670159084359533}
  m_RootOrder: 0
  m_LocalEulerAnglesHint: {x: 0, y: 0, z: 0}
--- !u!1 &9126050721859592297
GameObject:
  m_ObjectHideFlags: 0
  m_CorrespondingSourceObject: {fileID: 0}
  m_PrefabInstance: {fileID: 0}
  m_PrefabAsset: {fileID: 0}
  serializedVersion: 6
  m_Component:
  - component: {fileID: 2385906827991433723}
  m_Layer: 0
  m_Name: bb_male_RightHandThumb1
  m_TagString: Untagged
  m_Icon: {fileID: 0}
  m_NavMeshLayer: 0
  m_StaticEditorFlags: 0
  m_IsActive: 1
--- !u!4 &2385906827991433723
Transform:
  m_ObjectHideFlags: 0
  m_CorrespondingSourceObject: {fileID: 0}
  m_PrefabInstance: {fileID: 0}
  m_PrefabAsset: {fileID: 0}
  m_GameObject: {fileID: 9126050721859592297}
  m_LocalRotation: {x: 0.4408114, y: 0.013737694, z: -0.42017135, w: 0.79306537}
  m_LocalPosition: {x: -0.03509392, y: 0.029199943, z: 0.009173454}
  m_LocalScale: {x: 1, y: 1, z: 1}
  m_Children:
  - {fileID: 8501407906653311535}
  m_Father: {fileID: 782109838911212023}
  m_RootOrder: 4
  m_LocalEulerAnglesHint: {x: 0, y: 0, z: 0}
--- !u!1 &9154440502890666353
GameObject:
  m_ObjectHideFlags: 0
  m_CorrespondingSourceObject: {fileID: 0}
  m_PrefabInstance: {fileID: 0}
  m_PrefabAsset: {fileID: 0}
  serializedVersion: 6
  m_Component:
  - component: {fileID: 7985474403721980858}
  m_Layer: 0
  m_Name: bb_male_RightHandMiddle3
  m_TagString: Untagged
  m_Icon: {fileID: 0}
  m_NavMeshLayer: 0
  m_StaticEditorFlags: 0
  m_IsActive: 1
--- !u!4 &7985474403721980858
Transform:
  m_ObjectHideFlags: 0
  m_CorrespondingSourceObject: {fileID: 0}
  m_PrefabInstance: {fileID: 0}
  m_PrefabAsset: {fileID: 0}
  m_GameObject: {fileID: 9154440502890666353}
  m_LocalRotation: {x: 0.74662334, y: 0.008021799, z: -0.007146551, w: 0.66516024}
  m_LocalPosition: {x: -0.033283863, y: -0.0011057206, z: 0.00066450087}
  m_LocalScale: {x: 1, y: 1, z: 1}
  m_Children: []
  m_Father: {fileID: 8133869095974352583}
  m_RootOrder: 0
  m_LocalEulerAnglesHint: {x: 0, y: 0, z: 0}
--- !u!1 &9197649418925133650
GameObject:
  m_ObjectHideFlags: 0
  m_CorrespondingSourceObject: {fileID: 0}
  m_PrefabInstance: {fileID: 0}
  m_PrefabAsset: {fileID: 0}
  serializedVersion: 6
  m_Component:
  - component: {fileID: 1672197902169485240}
  m_Layer: 0
  m_Name: bb_male_LeftHandThumb3
  m_TagString: Untagged
  m_Icon: {fileID: 0}
  m_NavMeshLayer: 0
  m_StaticEditorFlags: 0
  m_IsActive: 1
--- !u!4 &1672197902169485240
Transform:
  m_ObjectHideFlags: 0
  m_CorrespondingSourceObject: {fileID: 0}
  m_PrefabInstance: {fileID: 0}
  m_PrefabAsset: {fileID: 0}
  m_GameObject: {fileID: 9197649418925133650}
  m_LocalRotation: {x: 0.9921653, y: 0.11721184, z: -0.030565582, w: 0.030580344}
  m_LocalPosition: {x: 0.034432326, y: -0.0003427943, z: 0.0017717744}
  m_LocalScale: {x: 1, y: 1, z: 1}
  m_Children: []
  m_Father: {fileID: 521266786273154593}
  m_RootOrder: 0
  m_LocalEulerAnglesHint: {x: 0, y: 0, z: 0}
--- !u!1 &9220574542629666099
GameObject:
  m_ObjectHideFlags: 0
  m_CorrespondingSourceObject: {fileID: 0}
  m_PrefabInstance: {fileID: 0}
  m_PrefabAsset: {fileID: 0}
  serializedVersion: 6
  m_Component:
  - component: {fileID: 5087429550503615979}
  m_Layer: 0
  m_Name: bb_male_LeftHandMiddle3
  m_TagString: Untagged
  m_Icon: {fileID: 0}
  m_NavMeshLayer: 0
  m_StaticEditorFlags: 0
  m_IsActive: 1
--- !u!4 &5087429550503615979
Transform:
  m_ObjectHideFlags: 0
  m_CorrespondingSourceObject: {fileID: 0}
  m_PrefabInstance: {fileID: 0}
  m_PrefabAsset: {fileID: 0}
  m_GameObject: {fileID: 9220574542629666099}
  m_LocalRotation: {x: 0.74662334, y: 0.008021799, z: -0.007146551, w: 0.66516024}
  m_LocalPosition: {x: 0.03328416, y: 0.001106521, z: -0.0006640655}
  m_LocalScale: {x: 1, y: 1, z: 1}
  m_Children: []
  m_Father: {fileID: 4520718700252868985}
  m_RootOrder: 0
  m_LocalEulerAnglesHint: {x: 0, y: 0, z: 0}
--- !u!1 &9223035358856629344
GameObject:
  m_ObjectHideFlags: 0
  m_CorrespondingSourceObject: {fileID: 0}
  m_PrefabInstance: {fileID: 0}
  m_PrefabAsset: {fileID: 0}
  serializedVersion: 6
  m_Component:
  - component: {fileID: 4342409892241903156}
  m_Layer: 0
  m_Name: bb_male_LeftHandMiddle1
  m_TagString: Untagged
  m_Icon: {fileID: 0}
  m_NavMeshLayer: 0
  m_StaticEditorFlags: 0
  m_IsActive: 1
--- !u!4 &4342409892241903156
Transform:
  m_ObjectHideFlags: 0
  m_CorrespondingSourceObject: {fileID: 0}
  m_PrefabInstance: {fileID: 0}
  m_PrefabAsset: {fileID: 0}
  m_GameObject: {fileID: 9223035358856629344}
  m_LocalRotation: {x: 0.9071613, y: 0.02903781, z: 0.03718043, w: 0.41813025}
  m_LocalPosition: {x: 0.110620305, y: 0.010839982, z: -0.007714675}
  m_LocalScale: {x: 1, y: 1, z: 1}
  m_Children:
  - {fileID: 4520718700252868985}
  m_Father: {fileID: 6988336113976830502}
  m_RootOrder: 1
  m_LocalEulerAnglesHint: {x: 0, y: 0, z: 0}
